1913 2427
369 127 844 160 DISS'ERTATIO
910 128 1448 165 PHILOSOPHICA.
1623 128 1681 173 ²32

151 226 173 255 ῃ,
191 223 309 255 potest,
333 222 384 251 ut,
420 214 472 250 qui
495 215 547 243 hac
571 214 680 243 ratione
702 214 960 250 philosophantur,
990 215 1008 244 ii
1030 216 1103 245 nihil
1125 217 1264 255 habeant,
1293 220 1372 254 quod
1398 224 1569 255 sequantur:
1585 217 1605 232 ’⁵
1626 233 1664 242 ν-

152 290 173 307 „
193 278 251 298 non
269 269 341 297 inim
359 275 461 295 sumus
483 266 523 301 ii,
546 266 654 301 quibus
676 265 749 294 nihil
777 274 872 293 verum
892 274 954 294 esse
977 267 1120 297 videatur:
1144 271 1192 298 sed
1215 271 1255 305 ii,
1284 270 1335 306 qui
1359 272 1494 300 omnibus
1512 271 1586 300 veris
1612 271 1668 299 fal-

151 342 172 358 „
191 331 222 352 sa
245 320 380 358 quaedam
407 319 541 355 adjuncta
564 325 626 346 esse
643 317 792 352 dicamus,
813 324 890 346 tanta
909 317 1118 355 similitudine,
1148 328 1181 349 ut
1204 322 1233 351 in
1260 323 1296 353 iis
1322 325 1403 352 nulla
1428 324 1498 352 insit
1524 330 1599 353 certa
1618 326 1666 361 ju-

152 374 305 414 gastandi
324 380 351 402 et
366 371 538 403 assentiendi
556 379 641 401 nota:
662 380 696 401 ex
715 380 774 408 quo
790 372 886 400 existit
902 378 930 400 et
949 372 1039 408 illud,
1065 377 1154 404 multa
1167 383 1234 405 -esse
1250 375 1427 411 probabilia,
1450 384 1540 412 quae,
1567 383 1668 411 quam-

151 441 170 465 5,
191 437 276 465 quam
298 435 357 456 non
377 425 611 462 perciperentur,
628 431 739 458 tamen,
765 424 832 459 quia
854 424 949 452 visum
974 425 1107 455 haberent
1127 426 1436 468 quemdameinsignern
1449 416 1666 462 ,et,illust,rem·‚‘

151 503 170 520 „
186 482 235 511 ‘liis
253 480 391 518 sapientis
414 479 473 508 vita
494 485 644 515 regeretur.
654 477 674 490 ”
715 477 762 506 Sic
785 485 811 506 e.
832 486 862 513 g.
888 477 1060 507 Academico
1094 499 1117 519 „
1139 479 1277 508 Carneadi
1291 477 1357 506 *frui
1376 477 1528 514 principiis
1551 484 1666 506 natura·

161 534 284 571 ‚libus,
305 532 350 561 vel
373 531 418 560 his
442 531 548 564 rebus,
576 538 647 565 quas
679 530 786 565 primas
817 535 919 558 natura
948 530 1182 566 conciliavisset,
1212 536 1271 559 erat
1294 535 1449 558 extremum
1478 526 1664 557 bonoruin.’'

148 586 208 616 Cic
230 586 265 614 dc
285 583 550 618 Fin.11.11.13
576 581 656 610 conf.
677 581 716 610 V.
739 590 785 617 30.

184 638 338 675 Quamque
362 634 482 672 graviter
504 633 695 662 Academicus
715 639 814 661 noster
841 631 923 662 illum
947 634 1112 670 praesertim
1137 633 1171 662 de
1195 632 1305 662 Officiis
1326 633 1422 661 locum
1445 631 1574 660 extollit!
1605 631 1665 667 (da

149 690 229 729 Offic
254 692 278 718 Ι.
302 689 355 725 2.)
394 708 412 722 „
436 686 512 716 Curn
536 687 626 714 multa
649 685 756 714 sintin
779 685 967 723 Philosophia
989 693 1017 714 et
1035 686 1130 723 gravia
1148 691 1175 713 et
1196 685 1297 718 utilia,
1319 690 1468 716 accurate,
1474 682 1668 718 .c0pioseq¹¹.e

147 763 168 779 ‚,
185 751 202 770 a
222 739 408 776 Philosophis
433 739 595 774 disputata,
622 737 760 766 latissime
784 744 881 774 patere
903 738 1037 766 videntur
1061 746 1110 772 ea,
1143 744 1213 772 quae
1239 734 1271 763 de
1295 734 1396 763 officiis
1412 732 1522 763 tradita
1546 733 1585 771 ab¹
1606 733 1665 762 illis

148 815 168 831 ‚,
187 799 334 831 praecepta
355 797 436 820 sunt.
476 790 564 819 Nulla
586 790 660 818 enim
684 789 758 817 vitae
782 797 867 824 pars,
889 797 983 824 neque
1003 788 1150 824 publicis,
1180 795 1273 822 neque
1295 785 1433 822 privatis,
1455 792 1548 820 neque
1569 784 1665 813 foren-

149 865 168 881 „
189 845 288 879 sibus,
304 851 395 879 neque
413 841 580 870 domesticis
601 841 630 870 in
647 841 746 876 rebus,
767 848 860 875 neque
871 841 895 868 si
912 846 1005 869 tecum
1023 849 1089 876 agas
1110 840 1199 875 quid,
1215 846 1307 873 neque
1326 838 1350 866 si
1367 845 1432 866 cum
1449 837 1538 866 altero
1552 843 1667 866 contra-

148 916 168 933 „
189 896 261 930 has,
282 903 380 924 vacare
404 893 498 922 officio
518 899 632 929 potest,
654 893 683 921 in
704 901 796 928 eoque
818 893 940 921 colendo
958 891 1013 920 sita
1030 898 1073 919 est
1089 890 1163 919 vitae
1183 890 1319 919 honestas
1336 889 1448 924 omnis,
1478 896 1504 917 et
1522 888 1551 917 in
1575 888 1667 926 negli-

148 969 168 984 „
187 948 280 985 gendo
296 946 457 982 turpitudo.
499 945 596 980 Atque
612 945 680 972 haec
700 943 813 980 quidem
835 942 964 978 quaestio
989 941 1153 969 communis
1176 947 1218 970 est
1242 940 1372 968 omnium
1393 939 1660 976 Philosophorum;

147 1018 167 1035 „
187 998 254 1034 quis
273 1002 315 1025 est
334 996 428 1030 enim,
453 995 524 1031 qui,
549 995 638 1023 nullis
658 995 743 1023 officii
766 994 925 1031 praeceptis
945 992 1106 1026 tradendis,
1127 991 1326 1029 Philosophum
1346 1000 1373 1018 se
1391 990 1500 1019 audeat
1516 990 1663 1020 dicere?²'

182 1050 265 1088 Quin
288 1054 316 1077 et
336 1046 544 1081 Academicos,
571 1046 620 1081 qui
641 1045 753 1083 judicio
775 1054 830 1074 suo
860 1046 944 1074 nullo
970 1044 1163 1081 interposito,
1192 1050 1294 1073 contra
1321 1052 1422 1072 omnes
1455 1043 1663 1079 disputabant,

144 1099 250 1130 diserte
270 1099 367 1128 Cicero
391 1097 549 1126 vindicavit
572 1104 672 1126 contra
695 1105 752 1125 eam
777 1096 990 1135 obJectionem,
1014 1105 1070 1132 qua
1090 1095 1175 1132 quasi
1196 1104 1274 1124 mero
1296 1094 1421 1125 certandi
1443 1101 1471 1123 et
1496 1095 1665 1124 ostentatio·

143 1150 190 1180 nis
211 1150 357 1187 jactandae
378 1149 496 1185 studio,
523 1158 583 1179 non
607 1150 686 1186 veri,
714 1157 748 1179 ut
769 1151 982 1188 Philosophum
1008 1150 1107 1185 decet,
1127 1148 1291 1186 ,reperiendi
1317 1157 1423 1183 causa,
1453 1147 1596 1184 litigantes
1622 1154 1665 1175 re·

145 1201 412 1238 prehendcbantur3
432 1207 519 1236 atque
546 1208 668 1230 testatus
691 1208 754 1237 est,
775 1210 805 1230 se
827 1202 890 1231 illas
907 1202 1127 1238 philosophicas
1154 1199 1357 1236 quaestiones,
1384 1199 1548 1235 praesertim
1568 1199 1603 1227 ad
1621 1198 1665 1226 vi-

145 1259 201 1281 tam
224 1253 417 1289 pertinentes,
439 1261 498 1281 non
523 1252 594 1281 levis
616 1253 765 1290 cuiusdam
783 1253 941 1290 momenti,
963 1255 1013 1283 sed
1033 1253 1145 1290 magni,
1166 1252 1224 1280 imo
1246 1251 1361 1279 maximi
1384 1250 1542 1279 aestimare.
1582 1249 1665 1286 Quid

143 1311 173 1334 et
201 1304 279 1333 aliud
304 1305 337 1332 de
363 1303 414 1332 illo
446 1311 615 1340 exspectes,
644 1305 695 1340 qui
721 1306 843 1341 graviter
869 1307 958 1341 adeo,
987 1305 1105 1341 copiose
1134 1310 1161 1332 et
1185 1302 1349 1340 magnifice,
1376 1302 1407 1330 in
1439 1301 1576 1330 omnibus
1604 1300 1665 1330 fere

143 1356 284 1393 scriptis,
304 1355 521 1391 Philosophiam
546 1355 708 1391 praeconiis
731 1356 864 1391 extollit,
895 1362 1035 1392 tantoque
1058 1356 1088 1384 in
1109 1363 1140 1383 ea
1166 1353 1298 1383 laudibus
1323 1353 1464 1383 evehenda
1484 1354 1598 1389 saepius
1621 1361 1665 1381 ar-

146 1410 215 1438 dore
237 1408 396 1444 abripitur,
418 1414 451 1436 ut
471 1406 556 1436 facile
575 1407 781 1444 unusquisque
805 1407 965 1443 intelligat,
995 1406 1074 1442 quod
1097 1405 1163 1442 quis
1191 1405 1231 1434 ita
1255 1405 1368 1433 laudare
1392 1404 1504 1441 possit,
1533 1404 1605 1432 illud
1627 1412 1664 1433 ex

143 1459 239 1489 animo
266 1467 362 1487 cai-um
392 1458 448 1494 ipsi
469 1465 497 1486 et
528 1458 810 1494 maximi-ponderis
837 1457 938 1488 videri.
978 1458 1034 1486 Sed
1058 1458 1125 1492 sui,
1154 1463 1181 1485 et
1212 1456 1381 1485 Academiae
1411 1455 1575 1484 vindicator
1600 1455 1663 1492 ipse

142 1511 280 1548 procedat
300 1510 433 1545 Tullius,
455 1509 551 1538 Acad.
572 1509 607 1539 H.
632 1518 676 1539 10.
722 1529 740 1543 ‚,
761 1509 825 1546 Ego
846 1524 884 1530 —
905 1509 929 1538 si
950 1514 1000 1537 aut
1019 1508 1212 1537 ostentatione
1231 1507 1328 1543 aliqua
1348 1507 1510 1542 adductus,
1532 1512 1581 1534 aut
1600 1512 1667 1534 stu-

147 1583 167 1599 „
186 1562 235 1591 dio
257 1561 401 1596 certandi,
431 1561 465 1590 ad
487 1561 560 1589 hanc
585 1560 770 1597 potissimum
798 1560 1015 1597 Philosophiam
1043 1568 1087 1588 me
1115 1559 1278 1596 applicavi:
1309 1567 1368 1588 non
1395 1559 1482 1588 modo
1508 1558 1663 1587 stultitiam

147 1634 168 1650 „
187 1621 297 1647 meam,
318 1612 367 1641 sed
388 1611 472 1640 etiam
494 1619 588 1640 mores
612 1618 640 1640 et
661 1618 809 1646 naturam,
829 1612 1070 1641 condemnandam
1088 1617 1171 1647 puto.
1212 1610 1303 1645 Nam,
1330 1609 1356 1639 si
1377 1610 1406 1639 in
1429 1610 1556 1638 minimis
1577 1610 1664 1639 rebus

146 1686 167 1702 „
187 1663 343 1701 pertinacia
365 1662 600 1699 reprehenditur,
629 1662 773 1691 calumnia
795 1663 878 1691 etiam
907 1670 1073 1698 coercetur,
1103 1671 1156 1698 ego
1184 1661 1218 1689 de
1243 1660 1321 1689 omni
1348 1667 1445 1696 statu,
1476 1660 1664 1696 consilioque

148 1738 169 1755 „
189 1717 280 1746 totius
302 1717 397 1751 vitae,
418 1722 467 1744 aut
486 1722 589 1745 certare
608 1723 674 1745 cum
691 1715 755 1745 aliis
775 1717 961 1753 pugnaciter,
982 1720 1031 1744 aut
1052 1712 1265 1742 frustraneum
1287 1712 1379 1747 alios,
1399 1719 1460 1740 tum
1482 1719 1525 1740 me
1544 1711 1663 1747 ipsum,

148 1789 168 1804 ,‚
186 1767 295 1797 velim?
335 1767 456 1802 Itaque,
485 1766 542 1795 nisi
569 1766 697 1804 ineptum
725 1774 852 1804 putarem
887 1767 915 1795 in
936 1766 986 1795 tali
1005 1764 1201 1801 disputatione
1225 1763 1254 1791 id
1277 1763 1366 1792 facere
1381 1784 1390 1798 ,
1413 1763 1511 1799 quod,
1539 1771 1604 1791 cum
1629 1762 1664 1790 dc

150 1841 169 1856 ,‚
187 1819 264 1856 ch.
290 1819 485 1855 disceptatur,
505 1818 563 1847 fieri
586 1818 725 1847 interdum
749 1818 843 1853 solet,
864 1819 984 1855 jurarem
1002 1824 1051 1853 per
1062 1816 1183 1852 Jovem,
1203 1815 1340 1851 Deosque
1354 1815 1492 1849 Penates,
1515 1822 1558 1842 nie
1579 1820 1606 1842 et
1622 1821 1666 1842 ar-

154 1893 173 1907 „
193 1871 256 1899 dere
273 1869 371 1899 studio
393 1869 453 1898 veri
476 1869 650 1906 reperiendi,
679 1877 706 1898 et
727 1878 758 1898 ea
780 1868 904 1903 sentire,
934 1876 1005 1904 quae
1030 1866 1163 1895 dicerem.
1204 1865 1263 1903 Qui
1294 1865 1367 1893 enim
1390 1874 1510 1901 possum
1535 1874 1594 1894 non
1613 1873 1664 1893 cu·

152 1944 171 1958 ‚,
191 1930 258 1960 pere
281 1929 378 1949 vei-nm
405 1919 552 1956 invenire,
588 1929 654 1950 cum
684 1921 838 1958 gaudeam,
867 1920 893 1949 si
920 1919 1013 1948 simile
1036 1916 1095 1946 veri
1125 1917 1197 1952 quid
1229 1917 1406 1946 invenerim?
1447 1917 1522 1951 Sed,
1553 1923 1582 1944 ut
1605 1916 1662 1944 hoc

155 1994 175 2011 „
194 1972 420 2011 pulcherrimum
447 1980 508 2003 esse
537 1972 682 2010 iudicem,
711 1980 776 2004 vera
801 1971 916 2008 videre,
938 1970 988 1999 ‘sic
1013 1977 1066 2006 pro
1094 1967 1172 1998 veris
1204 1967 1275 1997 salsa
1307 1967 1428 2006 probare
1463 1967 1662 2004 turpissimum

966 2021 994 2052 D
1562 2037 1587 2053 „
1607 2023 1662 2047 est.
