1913 2427
228 139 269 172 38
477 136 621 175 fl-‚a
687 143 796 165 van
861 141 966 163 nnn
1033 130 1212 162 BOON
1276 131 1500 163 MESCH

234 224 369 260 humida,
391 222 558 260 praeprimis
578 221 663 258 aquis
689 220 804 257 oppleta
822 224 902 255 prata
929 218 1024 248 vaccis
1050 218 1215 246 intulerant.
1255 217 1387 246 Fatemur
1409 217 1543 253 interim,
1565 217 1671 247 nimios
1693 217 1747 247 irn-

229 276 293 306 brcs
313 277 439 306 multum
463 273 641 304 incommodi
663 279 690 301 ct
713 271 872 300 detrimenti
890 276 919 298 et
941 268 1061 307 gramini
1083 275 1111 298 et
1129 268 1288 298 cerealibus
1308 269 1466 297 induxisse.

929 373 960 408 S.
1000 380 1046 401 20.

267 480 303 509 In
324 479 424 508 umbra
441 477 556 509 videtur
570 475 750 514 :principium
774 474 934 503 aethereum
954 480 1125 510 magnopere
1160 471 1303 510 imminui.
1343 471 1439 501 Rosas
1468 471 1617 500 observavi
1634 471 1665 500 in
1685 479 1747 501 um-

227 532 279 561 bra
304 532 424 559 multum
446 528 492 558 sui
514 528 612 558 odoris
637 526 791 565 gratissimi
817 525 957 554 amisisse.
999 524 1170 554 observavit
1201 524 1502 558 tamenSenebcrias,
1530 522 1686 551 Narcissos
1716 523 1746 553 in

228 581 353 610 tenebris
376 588 466 616 aeque
487 580 558 608 bene
580 578 703 617 fragrare
730 586 813 613 quam
843 577 873 605 in
895 577 969 605 luce.
1006 575 1169 604 observavi
1193 584 1260 604 vero
1281 575 1352 604 folia
1369 575 1567 609 maximarum,
1593 581 1620 603 et
1636 574 1751 611 crispae

232 639 261 662 et
289 632 476 669 peperitidis,
509 631 633 659 multum
657 630 777 658 aetherei
799 627 933 665 principii
960 627 988 655 in
1014 626 1112 654 umbra
1135 626 1271 662 perder03
1302 635 1365 655 nam
1397 635 1491 655 earum
1526 626 1596 655 folia
1622 625 1748 655 alcoholi

229 684 355 719 immisi,
376 683 422 712 cui
447 683 511 712 dein
528 683 648 719 limpido
669 682 764 711 addidi
779 689 901 717 aquam,
922 686 949 708 et
967 679 1015 708 vix
1035 688 1066 708 ac
1087 686 1122 706 ne
1138 678 1187 707 vix
1203 678 1316 713 quidem
1338 678 1546 707 lactescentiam
1562 677 1631 706 vidi.
1670 676 1752 705 Prae-

231 743 306 766 terea
326 742 451 768 constat
466 735 557 770 mihi,
578 741 606 762 et
626 734 709 770 lapso
733 742 807 761 anno
829 740 927 768 parum
951 731 1006 759 olei
1029 731 1148 762 aetherei
1166 739 1203 761 ex
1225 731 1347 759 menthis
1369 730 1471 758 aliisve
1489 729 1594 766 plantis
1616 727 1750 757 aethereis

229 787 422 818 officinalibus
450 786 544 814 fuisse
569 784 761 815 destillatione
790 784 962 818 collectum3
992 790 1086 818 eoque
1113 782 1246 818 majorem
1270 782 1397 810 oleorum
1420 781 1611 809 aethereorum
1634 779 1749 815 copiam

228 838 351 875 colligi,
375 846 434 873 quo
457 836 548 874 magis
568 836 672 873 apricis
696 836 725 864 in
750 835 822 864 locis
846 834 988 871 ejusmodi
1009 835 1122 870 plantae
1140 840 1285 869 crescant,
1306 841 1400 869 eoque
1417 832 1532 869 plenius
1557 831 1619 867 ipsa
1644 836 1749 859 aestate
1766 857 1776 863 ,

232 892 348 928 vigeant
369 890 440 918 solis
463 889 544 917 radii.
585 887 708 924 Egregie
734 888 791 915 huc
823 886 892 915 facit
918 887 1064 915 Smebcrti
1095 885 1278 919 observatio,
1307 885 1420 920 plantas
1449 884 1555 912 docens
1583 870 1751 911 aromaticas

232 951 303 981 prae
332 941 452 970 caeteris
476 941 599 977 muitum
623 939 697 967 acidi
720 938 877 975 Carbonici
899 939 1127 973 decomponere,
1148 943 1176 964 et
1195 935 1335 971 exspirare
1359 943 1410 971 gaz
1429 932 1614 970 Oxygenium
1631 931 1753 969 purissi-

233 1003 315 1034 mum
340 995 416 1030 (5).
444 993 675 1028 Componuntur
695 997 789 1019 autem
812 991 875 1018 olea
893 989 1019 1018 aetherea
1037 988 1128 1017 multo
1145 986 1332 1023 Hydrogenio
1349 992 1376 1013 et
1391 985 1556 1014 Carboneo.
1596 983 1751 1012 Difficilius

232 1052 278 1085 est
297 1046 332 1074 de
355 1044 448 1074 resina
472 1043 583 1078 dicere,
607 1050 674 1070 cum
699 1048 798 1071 nostra
817 1040 909 1077 patria
931 1040 980 1069 vix
1003 1039 1103 1073 habeat
1131 1038 1242 1075 plantas
1263 1037 1331 1065 adeo
1356 1035 1448 1065 resina
1468 1034 1571 1064 divites
1585 1054 1596 1070 ,
1624 1040 1657 1062 ut
1677 1035 1756 1071 ejus·

235 1097 316 1130 modi
329 1094 529 1133 experimentis
544 1094 660 1123 idoneae
672 1093 839 1129 inserviant.
867 1091 950 1121 Hanc
960 1091 1003 1127 ob
1019 1098 1075 1119 rem
1093 1097 1152 1118 non
1171 1089 1228 1117 nisi
1244 1088 1381 1117 foliorum
1398 1085 1599 1124 vegetabilium
1615 1085 1754 1115 rationem

234 1148 340 1184 habui3
369 1146 518 1176 continent
543 1145 616 1174 enim
646 1144 716 1173 folia
740 1145 896 1173 resinosam
922 1143 1065 1172 materiem
1087 1142 1226 1176 viridem,
1250 1148 1266 1168 a
1289 1148 1345 1175 qua
1371 1139 1453 1168 color
1481 1138 1620 1167 foliorum
1652 1137 1754 1167 viridis

235 1198 385 1238 proficisci
408 1198 525 1227 dicitur.
560 1197 722 1226 Plantarum
743 1196 850 1231 folia,
859 1203 932 1231 quae
947 1195 977 1223 in
992 1193 1091 1222 umbra
1106 1198 1303 1226 accreverant,
1325 1199 1390 1219 cum
1406 1189 1553 1224 alcohole‚
1574 1188 1686 1225 optimo
1703 1196 1756 1217 cu-

234 1251 330 1290 jusvis
346 1250 455 1281 resinae
468 1255 636 1287 menstruo,
654 1247 774 1283 tractavi
791 1253 818 1275 et
841 1253 944 1281 nactus
965 1254 1043 1279 sut-n
1047 1244 1220 1273 solutionem
1241 1250 1340 1279 parum
1357 1241 1497 1276 viridem,
1517 1247 1687 1276 semperque
1703 1238 1757 1267 mi-

239 1311 337 1342 norem
359 1301 467 1330 resinae
484 1299 682 1335 quantitatem
689 1298 906 1334 continentem,
927 1306 1013 1334 quam
1034 1294 1144 1327 solutio
1164 1293 1279 1332 praebet
1301 1292 1439 1322 foliorum
1461 1292 1644 1329 plantarum,
1665 1289 1756 1320 solito

239 1361 321 1393 more
340 1352 543 1384 crescentium.

240 1481 254 1496 μ
443 1483 459 1487 ⁴,
505 1485 507 1487 .
853 1484 879 1487 ,,
938 1454 973 1490 s.
1011 1460 1060 1482 21.

279 1555 371 1585 Cerae
397 1560 502 1590 parum
528 1553 636 1583 nostris
663 1553 771 1590 plantis
797 1554 897 1590 inest3
935 1551 1104 1587 observavi
1110 1557 1212 1583 tamen
1227 1570 1239 1586 ‚
1277 1556 1389 1586 prunos
1423 1553 1453 1576 et
1487 1553 1559 1575 uvas
1589 1545 1644 1574 soli
1673 1551 1760 1581 quam

243 1606 365 1636 maxime
386 1604 537 1641 oppositas
562 1602 679 1632 densius
704 1611 768 1632 rore
798 1611 881 1632 esse
892 1608 980 1632 tectas
999 1623 1010 1640 ,
1041 1611 1126 1638 quam
1158 1610 1205 1631 eae
1241 1608 1313 1637 quae
1341 1600 1373 1629 in
1398 1598 1538 1627 umbroso
1563 1597 1630 1626 loco
1655 1602 1762 1625 cresce-

243 1657 314 1686 bant
339 1656 385 1685 vel
412 1655 468 1684 sub
499 1654 580 1684 foliis
608 1654 743 1685 latebant.
783 1654 838 1683 Est
865 1660 959 1683 autem
986 1654 1033 1682 hic
1066 1663 1138 1690 ros,
1174 1654 1343 1683 observante
1374 1651 1522 1685 proastio,
1558 1649 1688 1677 materies
1715 1655 1764 1676 ce-

246 1717 309 1738 rae:
342 1707 372 1737 in
396 1707 495 1737 umbra
526 1708 654 1736 oleorum
681 1707 814 1745 pingium
842 1708 988 1744 quantitas
1016 1706 1196 1735 imminuitur
1223 1712 1357 1741 quoque,
1392 1709 1426 1732 ut
1448 1702 1478 1731 in
1505 1699 1660 1730 seminibus
1689 1699 1762 1734 lini,

247 1759 414 1798 papaveris,
441 1758 588 1798 cannabis.
637 1759 689 1799 De
711 1758 856 1797 principio
882 1758 1005 1797 coriario
1033 1757 1106 1786 nibil
1131 1757 1298 1791 dicendum
1306 1754 1418 1790 habeo,
1442 1761 1508 1783 cum
1530 1760 1590 1781 non
1611 1749 1759 1780 habuerim

247 1815 378 1852 plantas,
403 1821 476 1850 quae
494 1814 552 1842 hoc
572 1814 769 1850 continerent,
789 1822 881 1850 neque
903 1812 998 1843 inveni
1020 1811 1121 1841 salices
1144 1809 1190 1838 vel
1209 1815 1353 1844 quercus»,
1383 1813 1454 1842 quae
1477 1803 1639 1833 crescebant
1667 1802 1697 1830 in
1718 1802 1763 1830 lo·

248 1865 294 1894 cis
314 1866 383 1893 adeo
412 1864 575 1901 umbrosis,
604 1871 636 1893 ut
659 1865 689 1895 in
710 1873 804 1895 earum
831 1864 990 1896 corticibus
1012 1862 1133 1900 aliquod
1161 1858 1295 1897 principii
1323 1856 1438 1887 coriarii
1466 1855 1619 1885 discrimen
1648 1860 1693 1882 me
1714 1851 1762 1880 de-

1706 1907 1766 1932 πω

282 1981 331 2011 (5)
347 1981 439 2008 Plutia.
449 1981 518 2008 regn.
532 1980 560 2003 L.
572 1980 600 2004 ι.
616 1989 640 2011 p.
650 1981 688 2008 48.
