1913 2427
400 135 878 168 DISSERTATIO
944 136 1345 169 LITERARIA.
1608 148 1649 181 17

126 226 290 262 silentium,
319 224 453 261 (quippe
471 232 563 260 quae,
591 232 657 252 cum
683 222 716 250 ab
743 221 796 250 hac
826 227 905 257 parte
934 230 1030 257 amore
1057 222 1096 251 ita
1119 229 1195 255 esset
1215 224 1351 259 devicta,
1380 231 1413 253 ut
1440 231 1540 262 capta,
1563 225 1630 254 odio

123 285 256 313 auctore,
277 277 419 311 consilia,
440 277 520 304 edere
540 276 636 304 minus
660 280 780 311 posset3
802 278 862 300 tum
885 271 919 300 ab
941 272 1008 308 illa,
1037 273 1067 302 in
1088 275 1235 304 credulum
1259 275 1344 304 nimis
1372 275 1523 311 maritum,
1544 276 1632 313 gemi-

123 336 172 359 tus
191 330 260 366 plus
278 328 348 357 diris
369 329 479 363 valere,
501 334 576 356 esset
593 327 734 362 conscia)
755 326 834 354 nulla
855 335 917 355 non
936 335 1024 356 aetate
1048 329 1213 365 placebunt.

134 399 141 406 ,
156 381 367 416 1mprobanda,
388 379 488 408 multis
503 379 537 407 de
556 378 686 413 caussis,
707 377 865 413 Tragoedia
880 377 966 409 Petri
979 385 1006 407 et
1026 380 1117 410 Pauli
1133 381 1345 418 Apostolorum
1361 383 1479 412 nomIne
1494 383 1630 420 insignis.

158 434 255 462 Scatet
276 432 350 460 enim
372 431 593 460 Catholicorum
627 429 764 465 fabellis,
793 432 828 459 ad
859 438 985 461 veterum
1017 443 1144 463 normam
1172 436 1254 464 nullo
1287 437 1374 465 modo
1406 438 1634 468 accommodata.

118 485 245 516 Primum
270 484 344 513 inter
372 483 534 520 Apostolos
567 482 684 511 vinctos
714 482 896 518 colloquium
929 484 1059 520 ipsorum
1088 487 1226 523 gravitate
1253 494 1281 515 et
1308 488 1453 524 majestate
1483 489 1635 525 indignum

119 537 244 567 videtur.
285 535 393 563 Taedet
408 533 539 571 perpetui
555 534 624 562 och!
645 533 712 562 och!
734 534 805 563 och!
826 535 860 563 ad
873 536 1046 572 satietatem,
1068 538 1103 566 ad
1118 538 1266 567 fastidium
1283 539 1399 575 inquam
1411 561 1421 574 ‚
1439 548 1472 568 ex
1489 547 1537 568 ore
1549 540 1636 568 Petri

119 590 254 623 fluentis,
285 594 421 621 totosque
444 586 624 614 hexametros
639 584 824 621 complentis.
866 586 950 615 Haud
969 594 1062 617 tamen
1083 589 1122 617 ita
1144 598 1173 618 se
1197 598 1240 618 res
1257 591 1360 625 habet,
1381 597 1415 619 ut
1440 592 1538 627 nulla,
1560 599 1633 627 quae

120 647 330 674 memorentur,
353 637 463 674 aptiora
476 636 610 672 colligere
628 644 776 671 queamuS.
818 636 934 666 Placent
950 640 1023 668 enim
1045 640 1137 669 Chori
1154 641 1351 670 Romanorum
1369 642 1512 677 militum,
1526 642 1644 671 ‘Chris-t

118 695 261 723 tianorum
284 690 415 728 partibus
447 688 617 718 faventium.
658 689 752 718 Placet
778 699 864 726 quam
887 701 901 720 a
922 692 1010 720 Petro
1033 692 1186 727 audimus,
1216 693 1376 721 Servatoris
1401 692 1494 721 nostri
1520 700 1635 721 crucem

120 744 241 784 gerentis
263 741 430 777 descriptio.
470 740 574 769 Movet
595 741 722 769 Nes-onis
742 740 825 770 furor
849 744 883 771 ad
904 743 943 771 rei
969 750 1097 772 naturam
1127 744 1323 773 adumbratus.
1364 744 1499 780 Emicant
1518 745 1572 773 ista
1591 744 1646 772 iri-¹

118 803 161 826 ter
180 796 293 824 initium
317 800 344 822 et
366 793 449 821 finem
474 792 667 829 Tragoediae3
691 793 814 822 narratio
835 801 945 829 autem,
967 804 1024 831 qua
1042 804 1117 831 opus
1138 794 1194 824 fere
1210 797 1411 832 concluditur,
1432 797 1466 824 de
1487 795 1632 825 miraculis

119 854 239 878 mortem
269 845 360 874 Pauli
393 843 518 879 secutis,
539 843 573 871 de
596 843 706 871 ultimis
722 844 806 872 Patri
821 845 937 880 verbis,
960 846 1053 881 (qui,
1075 846 1099 873 si
1121 846 1156 874 ad
1177 845 1424 882 suppliciigenus
1445 846 1635 882 respiciatur,

117 898 201 934 loqui
221 897 338 925 minime
363 894 485 933 potuit)
509 894 543 923 ad
565 894 622 923 ista
641 894 783 932 pertinet,
804 896 838 925 de
859 896 986 934 quibus,
1007 896 1034 926 si
1057 897 1153 927 audire
1175 897 1341 934 potuisset,
1370 903 1536 927 cantaturus
1560 893 1635 926 fuis&

118 956 163 980 set
183 949 343 978 Horatius:
796 960 799 962 ·
888 958 891 959 ⁷
952 958 956 961 ·

460 1042 499 1050 -
520 1044 558 1050 -
577 1026 683 1057 Credat
701 1026 828 1066 Judaeus
847 1028 952 1066 Apella

457 1078 528 1107 Non
547 1087 611 1116 ego.
633 1095 671 1102 —

155 1156 216 1187 Vix
236 1156 298 1187 sine
320 1164 422 1193 magna
446 1155 632 1186 admiratione
657 1156 781 1186 Mariae
810 1158 954 1187 Smartae
979 1163 1099 1188 mortem
1126 1159 1233 1195 aliquis
1263 1158 1294 1187 in
1323 1156 1405 1187 libris
1429 1154 1577 1186 historicis
1596 1156 1636 1185 le-

118 1216 266 1248 gat22non
287 1209 353 1239 sine
372 1216 472 1244 magna
491 1207 579 1236 simul
602 1214 630 1236 et
649 1208 836 1238 admiratione
859 1216 886 1237 et
914 1210 1033 1238 tristitia
1062 1211 1092 1238 in
1110 1210 1249 1239 'Vondelt'i
1278 1209 1407 1245 scriptis.
1448 1208 1476 1237 Is
1501 1208 1575 1236 enim
1595 1207 1640 1236 in-

114 1261 222 1298 justam
247 1260 370 1288 Mariae
390 1259 625 1294 accusationem,
647 1259 834 1289 Elisabechae
857 1268 917 1289 non
940 1261 1080 1296 placabile
1105 1261 1204 1290 odium
1232 1267 1260 1289 et
1281 1259 1448 1289 dominandi
1472 1266 1531 1287 non
1554 1257 1639 1287 satia*

117 1317 176 1341 tam
201 1310 405 1348 cupiditatem3
429 1310 526 1345 illius,
548 1310 687 1340 diuturno
705 1319 814 1339 carcere
829 1319 889 1340 non
911 1310 1035 1341 fractum
1056 1312 1200 1347 animum,
1222 1311 1360 1340 sinceram
1378 1317 1406 1339 et
1424 1310 1543 1339 solidam
1559 1317 1640 1339 men-

116 1369 198 1399 tem,
218 1362 412 1391 intemeratam
435 1360 592 1397 virtutem3
614 1362 806 1398 ipsorumque
830 1361 1034 1399 inimicorum,
1054 1370 1167 1399 patrato
1192 1364 1314 1399 scelere,
1336 1369 1512 1397 moerorem,
1534 1361 1572 1389 ita
1590 1361 1638 1389 do-

116 1414 232 1453 pingit,
254 1420 305 1449 ut,
324 1419 403 1443 extra
429 1412 585 1442 historicas
613 1413 690 1442 oleas
718 1422 778 1443 non
799 1413 991 1450 exspatiatus,
1012 1415 1123 1444 animos
1153 1420 1285 1450 moveat,
1314 1420 1473 1450 suspensos
1492 1417 1584 1440 teneat
1608 1417 1636 1440 et

115 1465 265 1503 percellat.

114 1527 133 1548 ,·
155 1516 295 1545 Minimae
319 1515 404 1544 etiam
433 1515 522 1552 hujus
550 1514 728 1553 Tragoediae
753 1522 849 1553 partes
884 1524 1019 1553 magnum
1050 1516 1154 1545 Poetae
1181 1516 1311 1545 studium
1346 1514 1465 1543 abunde.
1483 1514 1636 1544 declarant.

116 1567 176 1599 ¹Vix
198 1568 279 1603 quod
297 1566 397 1603 majori
421 1566 618 1603 indignatione
647 1567 772 1603 legentes
797 1569 953 1603 compleret
969 1589 979 1603 ‚
1007 1567 1166 1604 excogitare
1198 1566 1294 1603 potuit
1319 1566 1429 1595 Noster
1458 1565 1553 1601 primo
1584 1565 1635 1593 illo

117 1618 228 1654 choro,
251 1619 280 1647 in
302 1626 362 1654 quo
385 1618 627 1654 comparationem
647 1617 721 1647 inter
739 1617 942 1648 Elisabetham
969 1625 998 1648 et
1021 1620 1196 1654 Summam,
1225 1618 1269 1646 illi
1291 1616 1564 1654 probrosissimum,
1592 1617 1637 1644 lu-

116 1669 344 1701 culentissimam
368 1669 455 1704 huic,
477 1669 614 1697 instituit.

156 1721 310 1757 Sequentia
332 1720 426 1750 omnia
449 1720 483 1748 ad
504 1719 587 1748 finem
610 1720 740 1756 placent:
764 1720 794 1749 in
818 1721 909 1757 prima
932 1731 1014 1752 scena
1038 1723 1076 1752 ΙΙ.
1098 1728 1199 1757 actus,
1229 1721 1356 1750 modesta
1380 1720 1504 1748 Mariae
1523 1720 1637 1756 sapien-

119 1773 160 1802 tia
183 1778 211 1800 et
234 1772 342 1802 civium
370 1780 468 1807 amor,
490 1771 598 1808 quibus
624 1778 656 1800 ut
677 1779 824 1809 parceret,
848 1774 998 1810 proposita
1026 1773 1083 1802 sibi
1108 1772 1210 1802 salutis
1232 1772 1278 1801 via
1306 1772 1350 1800 uti
1373 1771 1517 1808 neglexit3
1548 1771 1578 1800 in
1598 1771 1637 1800 al-

119 1830 179 1853 tera
195 1831 284 1852 vanae
308 1831 374 1859 spes
396 1832 412 1852 a
440 1823 550 1852 medico
581 1823 715 1861 Burgum»
744 1824 857 1854 allatae:
889 1833 904 1853 a
925 1825 1034 1854 Maria
1052 1833 1139 1859 vero,
1168 1822 1410 1860 philosophorum
1437 1830 1530 1857 more,
1551 1822 1639 1858 reiec-

118 1882 175 1906 tae.
204 1891 243 1898 -—-
261 1876 295 1905 In
313 1876 415 1912 tertia,
437 1877 553 1906 miserae
568 1876 695 1914 Reginae
709 1878 879 1913 pulcerrIma
897 1885 1035 1914 responsa
1055 1876 1090 1905 ad
1103 1875 1240 1912 supplicii
1258 1874 1392 1903 nuntios:
1415 1873 1478 1909 ipse
1498 1873 1638 1909 supplicii

123 1927 223 1956 deinde
251 1933 403 1964 apparatus
437 1934 465 1956 et
499 1929 621 1964 exitus,
657 1928 782 1958 animum
815 1935 974 1964 nostrum,
1011 1934 1146 1963 tanquam
1180 1933 1278 1955 navem
1309 1934 1324 1954 a
1351 1924 1467 1954 marinis
1500 1925 1636 1954 fluctibus

123 1972 307 2018 Quassatam,
330 1979 367 2010 ita
386 1979 592 2012 diversissimis
619 1979 791 2019 affectibus,
813 1981 869 2011 huc
893 1988 921 2010 et
941 1980 1012 2009 illuc
1030 1978 1195 2016 exagitant,
1216 1977 1422 2017 sigillatimque
1443 1977 1615 2015 percellunt.
