1913 2427
310 149 350 183 ιδ
820 147 1277 182 ῐ.ΒἈῙΚΕ

310 243 420 275 Jovem
437 265 446 281 ‚
481 242 508 274 si
535 240 720 286 loqueretur
733 264 742 281 ‚
773 251 907 273 usurum
937 241 1053 274 Graeci
1081 241 1293 276 affirmabant.
1339 241 1494 290 Magnam
1519 241 1627 276 fuisse·
1640 244 1785 283 Homeri<
1831 288 1834 292 ⁴

315 300 533 331 auctoritatem
562 298 726 337 videmus,
753 298 787 328 in
812 298 1031 330 vetustissimis
1050 301 1246 332 Graecorum
1271 299 1468 343 populorum
1489 300 1586 333 rebus
1599 325 1608 340 ‚
1642 303 1778 346 origini·
1800 325 1803 329 -

322 355 401 394 bus,
423 355 585 394 moribus,
606 365 754 397 magnam
773 354 838 384 vim
857 355 890 385 in
911 355 1080 398 opiniones
1097 356 1138 388 de
1161 357 1256 388 rebus
1279 355 1397 388 divinis
1423 363 1456 388 et
1479 356 1647 390 humanis:
1677 369 1787 402 quam.

316 422 380 455 qua
400 411 528 443 tandem
544 423 578 443 re
594 417 752 443 assecutus
770 417 833 449 est,
856 411 917 442 nisi
934 412 1114 444 incredibili
1134 411 1274 456 quadam
1302 413 1454 444 orationis
1478 415 1632 447 suavitate
1658 422 1692 447 et
1715 426 1789 450 ear->

320 469 415 501 minis
439 468 670 511 compositione
694 467 864 498 hominum
885 468 1010 500 animos
1034 469 1238 508 immutasset,
1262 476 1299 501 ut
1318 470 1355 501 in
1375 470 1451 513 ipsis
1468 471 1563 502 sacris
1588 470 1674 503 ludis
1697 472 1787 508 reci-2

318 530 460 556 narentur
479 524 682 568 rhapsodiae,
700 525 795 567 quasi
814 524 876 555 hoc
895 525 1097 568 potissimum
1114 533 1196 558 esset
1217 537 1378 566 acroama,
1399 538 1465 570 quo
1489 525 1529 559 ad
1545 520 1688 560 Deorum
1712 529 1780 561 vim

317 581 461 624 proxime
483 588 590 625 posset
618 581 758 612 humana
785 587 896 612 natura
919 581 1062 624 perduci,
1124 583 1225 614 Facile
1254 583 1350 626 igitur
1373 590 1404 614 et
1427 584 1563 616 Helenae
1588 591 1620 618 et
1647 584 1780 618 Achillis

317 636 537 671 obliviscimur
562 638 693 670 Iliadem
724 637 882 681 legentes„
905 638 1015 681 quales
1034 639 1189 671 nimirum
1212 639 1307 673 multi
1330 640 1463 674 fuerunt
1489 647 1582 682 ante,
1783 665 1788 680 ,

761 724 828 756 Sed
848 737 956 757 omnes
978 726 1214 761 illacrimabiles
1244 716 1251 721 „

625 785 799 825 Urguenucr
820 783 987 826 ignotique
1009 784 1107 828 longa*

671 841 792 879 Nocte,
816 847 927 871 carent
947 841 1028 884 quia
1049 849 1125 874 vale
1143 839 1253 876 s'acro:

292 771 329 792 ..5

318 926 412 960 Unus
436 937 510 960 vere
538 927 725 960 immortalis
747 935 795 972 est
821 931 979 961 Homerus
994 953 1004 970 ‚
1035 931 1094 974 qui
1131 931 1262 964 illorum
1296 932 1431 964 virtutes
1477 943 1538 964 suo
1585 931 1717 975 ingenio
1749 931 1790 965 ad

319 984 511 1027 posteritatis
530 986 719 1017 memoriam
750 980 1000 1019 commendavit.
1044 989 1155 1031 Neque
1181 981 1286 1020 multo
1314 1000 1405 1021 secus
1428 989 1468 1021 de
1498 989 1630 1020 historia
1653 988 1792 1033 populo·

316 1050 390 1072 rum
404 1030 638 1073 sentiendum:
661 1052 801 1085 quorum
824 1053 927 1085 quum
950 1043 1004 1075 alii
1025 1044 1133 1075 nullos
1166 1046 1303 1077 omnino
1332 1046 1467 1077 laudum
1497 1055 1669 1089 praeoenes
1702 1045 1790 1077 nacti

319 1102 413 1136 sunt,
441 1096 496 1129 alii
524 1098 683 1140 ejusmodi
707 1098 895 1138 historicos,
917 1100 975 1142 qui
1000 1101 1227 1144 imperantium
1253 1101 1636 1142 sueoessione‘notauda,
1656 1101 1795 1145 praelio-1

318 1164 456 1196 rumque
481 1154 590 1197 jejuna
617 1156 859 1188 enumeratione
888 1155 1162 1200 defungerentur;
1194 1159 1342 1191 Graeciae
1368 1159 1595 1192 florentissima
1618 1164 1705 1190 aetas
1724 1164 1791 1190 tam

319 1209 406 1243 ferax
426 1209 488 1242 fuit
510 1211 733 1254 ingeniorum,
757 1212 815 1254 qui
847 1223 899 1244 res
929 1214 1046 1255 patrias
1073 1213 1286 1255 celebrarent,
1316 1222 1354 1248 ut
1378 1216 1441 1259 ipsi
1465 1215 1542 1255 sibi,
1564 1226 1632 1247 non
1652 1214 1793 1251 civitam:

320 1274 528 1299 monumenta
559 1267 695 1301 condere
728 1267 923 1302 viderentur.
979 1270 1128 1302 Graviter
1152 1282 1189 1303 ac
1214 1283 1288 1304 vere
1316 1271 1485 1304 Sallustius
1498 1297 1508 1312 ,
1545 1271 1792 1304 Atheniensium

317 1334 365 1355 res
399 1331 527 1366 gestae,
561 1324 691 1367 inquit,
721 1327 795 1356 saccis·
816 1325 952 1369 *amplae
978 1327 1231 1373 magnificaeque
1256 1331 1372 1368 suere,
1405 1340 1518 1361 verum
1541 1327 1706 1372 aliquanto
1720 1329 1792 1360 *mi-i

316 1391 407 1412 nores
436 1387 542 1412 tamen
555 1403 564 1419 ‚
589 1391 688 1423 quam
699 1380 801 1419 fama
814 1384 977 1418 seruntur.
1025 1382 1092 1414 Sed
1118 1388 1196 1428 quia
1217 1388 1399 1430 provenere
1419 1386 1474 1417 -ibi
1497 1386 1688 1428 scriptorum
1715 1391 1790 1416 'ma-

315 1449 382 1480 gna
406 1438 557 1480 ingenia,
574 1448 651 1480 per,
667 1445 820 1471 tertarum
852 1439 961 1470 orbem
985 1439 1225 1472 Atheniensium
1245 1443 1340 1479 fizcca
1355 1454 1421 1487 pro
1448 1445 1598 1474 maximi&
1624 1440 1789 1474 celebrum-1

321 1501 380 1526 tur.
425 1496 479 1525 Ita
503 1504 612 1526 eorum
639 1496 696 1538 qui
713 1505 754 1525 ea
769 1496 878 1530 secere
901 1497 992 1526 virtus·
1009 1501 1102 1526 canta
1123 1497 1278 1537 habetur,
1303 1506 1458 1542 quantum
1489 1499 1585 1531 verbis
1616 1509 1657 1530 ea
1670 1505 1790 1541 potue-

316 1561 351 1582 re
373 1550 526 1583 eoetollere
546 1552 722 1594 praeclara
749 1553 885 1595 ingenia.
939 1552 1166 1585 Themistocles
1198 1565 1327 1595 eorum,
1359 1557 1418 1599 qui
1450 1562 1521 1599 post
1543 1556 1658 1598 nipsum
1691 1553 1792 1586 rebus>

319 1605 451 1639 feliciter
475 1608 570 1651 gestis
598 1607 787 1640 insolentius
817 1608 1057 1651 gloriabantur,
1087 1612 1270 1655 superbiam
1301 1616 1447 1644 coercere
1477 1611 1616 1650 solebat,
1645 1610 1786 1643 dicebat·

320 1677 402 1709 que,
425 1667 487 1698 nisi
516 1677 576 1710 ego
599 1666 746 1706 fuissem,
768 1678 826 1698 vos
844 1679 914 1700 non
932 1670 1040 1701 essetis
1105 1669 1186 1700 Mihi
1210 1669 1341 1712 quidem
1361 1670 1476 1701 merito
1502 1668 1587 1700 idem
1616 1666 1791 1710 responde·

318 1733 354 1753 re
381 1722 564 1754 viderentur
595 1723 781 1755 Herodotus
809 1731 841 1755 et
865 1724 1092 1767 Thucydides,
1123 1726 1244 1769 quique
1277 1726 1353 1768 Cyri
1384 1725 1519 1756 minoris
1552 1722 1790 1766 expeditionem

320 1779 439 1821 scripto
460 1780 684 1822 consignavit,
714 1781 742 1812 si
769 1791 846 1812 cum
867 1782 944 1825 ipsis
978 1781 1074 1814 rebus
1098 1783 1211 1826 gestis,
1235 1782 1358 1826 quique
1382 1792 1433 1813 eas
1454 1780 1622 1820 iecissent,
1653 1780 1689 1811 in
1711 1790 1790 1812 eon-

321 1835 495 1866 tentionem
517 1836 672 1867 venirent.

383 1893 536 1933 Magnum
560 1900 606 1924 est
629 1893 790 1936 profecto,
813 1897 918 1934 A.A.,
942 1907 978 1928 ac
1001 1907 1101 1940 paene
1126 1897 1229 1929 dicam
1246 1897 1438 1935 maximum,
1462 1896 1505 1927 it'a
1527 1894 1632 1927 dicere
1654 1901 1686 1927 et
1708 1895 1789 1927 mnis

319 1947 411 1984 bere.
438 1955 474 1979 ut
499 1949 598 1992 magis
618 1961 688 1992 vquo
713 1950 830 1990 modo,
851 1963 948 1995 quam
974 1956 1054 1998 quid
1074 1955 1177 1995 dicas,
1208 1956 1248 1988 ab
1270 1955 1423 1988 omnibus
1445 1954 1647 1993 attendatur;
1669 1960 1706 1985 ut
1720 1952 1789 1985 sola

319 2007 422 2040 virtus
446 2006 619 2048 orationis,
642 2007 733 2049 quasi
760 2007 842 2040 deus
872 2008 1012 2053 aliquis,
1035 2011 1131 2045 rebus
1153 2012 1404 2056 hominibusque
1429 2011 1700 2044 immortalitatem
1725 2009 1788 2041 im·

1717 2075 1788 2110 Pffl'·
