1872 2396
190 100 282 141 ιε’
477 101 770 139 sanias
834 85 1354 137 me'rioNUM.

181 206 217 236 L.
242 203 524 241 SURINGAR‚
551 201 754 243 Theologiam
792 198 1028 242 symbolicam,
1061 200 1127 230 sive
1165 199 1433 242 comparativam,
1471 206 1503 233 et
1533 201 1644 234 selecta

221 261 375 292 Historiae
411 261 605 303 Dogmatum
642 258 753 299 Capita
785 263 922 300 exponet
956 257 1068 288 diebus
1096 257 1270 294 Mercurii,
1310 258 1397 289 Jovis
1430 264 1461 290 et
1487 258 1642 296 Veneris,

224 317 301 349 hora
322 318 377 349 XI.

289 373 462 404 Historiam
486 370 749 408 Ecclesiasficam,
771 370 851 402 duce
875 380 1180 402 sennoucxnio
1194 393 1205 410 ,
1235 369 1391 409 narrabit,
1422 369 1536 403 diebus
1559 372 1644 403 Mer·

353 428 453 467 curii,
475 427 554 459 hora
567 429 643 467 XII,
666 433 697 458 et
721 428 870 465 Veneris,
893 428 970 458 hora
985 428 1040 457 IX.
1283 431 1286 434 ’

181 610 218 641 C.
245 611 276 643 F.
307 610 482 646 RUPPE,
506 607 646 639 Musices
676 609 810 645 Lector,
840 606 1029 638 Harmoniae
1059 605 1285 645 fundamenta,
1317 612 1348 637 et
1368 605 1526 649 principia
1557 616 1644 638 com-

225 666 392 709 positionis
414 664 556 696 Musicae
578 662 703 694 docebit
728 662 840 693 diebus
865 665 973 694 Lunae
995 669 1027 694 et
1047 657 1156 702 Jo‘vis,
1179 665 1255 695 hora
1277 662 1336 694 ΙΙΙ.

289 722 321 752 Si
343 722 399 764 qui
425 722 506 758 sint,
543 720 600 763 qui
624 719 849 762 compositioni
881 726 993 750 cantus
1023 719 1148 751 Vocalis
1184 729 1314 763 operam
1346 718 1421 751 dare
1444 718 1575 758 ·velint,
1604 719 1641 751 iis

356 784 481 820 tempus
506 783 536 808 et
564 777 656 807 horas
678 775 861 807 commodas
887 777 1070 808 constituet.

180 836 220 866 D.
243 836 275 866 P.
296 835 533 866 HUMBERT
566 845 612 864 na
642 832 990 872 SUPERVILLE,
1030 832 1207 865 Literarum
1237 833 1417 869 Italicarum
1448 839 1480 864 et
1512 832 1644 865 Gallica-

225 901 298 922 rum
324 893 452 929 Lector,
478 890 534 921 has
556 889 660 921 literas
683 888 802 928 tradet,
825 888 938 921 diebus
962 891 1071 921 Lunae
1094 897 1126 922 et
1145 891 1252 930 Jovis,
1276 890 1356 921 hora
1370 892 1423 921 IV.

288 948 353 979 Nec
380 958 448 978 non
474 946 601 978 illorum
629 947 661 976 in
689 946 823 989 gratiam
851 946 908 989 qui
935 945 1046 978 Artem
1077 947 1261 990 graphicam
1286 946 1416 985 colunt,
1439 946 1530 989 signa
1553 945 1644 976 Anti-

355 996 491 1045 quarum
523 1009 712 1040 statuarum,
751 1003 785 1034 in
815 1001 979 1042 Aedibus,
1006 1002 1106 1046 vulgo
1137 1005 1215 1040 Hof
1238 1014 1299 1035 van
1319 1005 1444 1042 Sessen,
1475 1001 1646 1040 collocata,

355 1058 516 1092 Historice
535 1065 566 1089 et
589 1058 762 1089 Aesthetice
785 1058 971 1098 illustrabit,
993 1059 1045 1091 die
1061 1061 1230 1097 Mercurii,
1253 1060 1331 1090 hora
1351 1060 1372 1090 Ι.
1432 1051 1433 1054 ¹

180 1114 224 1147 H.
245 1115 467 1154 TAYLOP„
490 1115 664 1146 Literarum
691 1115 897 1158 Anglicarum
924 1117 1036 1154 Lector
1047 1139 1065 1154 ‚.
1087 1117 1143 1147 has
1171 1116 1290 1156 literas⁴
1310 1114 1411 1146 tradet
1443 1112 1530 1146 horis
1567 1113 1641 1147 dein

227 1170 413 1202 indicandis.

181 1226 219 1259 N.
247 1228 287 1258 G.
316 1238 395 1259 van
425 1229 652 1267 KAMPEN,
697 1229 876 1260 Literarum
915 1229 1178 1261 Germanicarum
1216 1230 1357 1269 Lector,
1398 1227 1643 1259 Grammaticam'

225 1280 447 1317 Germanicam
473 1284 616 1315 tractabit
640 1283 754 1316 diebus
781 1287 888 1316 Lunae
909 1292 940 1316 et
963 1287 1134 1324 Mercurii,
1157 1285 1236 1317 hora
1252 1286 1307 1316 IV.

290 1337 493 1379 Florilegium
525 1352 542 1368 e
575 1341 678 1368 Poetis
705 1338 910 1370 Germanicis
937 1342 1035 1369 seculi
1058 1348 1148 1369 xviu.
1181 1338 1375 1381 explicabit,
1407 1338 1520 1369 diebus
1544 1340 1646 1371 Vene-

356 1394 400 1426 ris
418 1395 481 1432 XI,
503 1400 535 1425 et
552 1393 679 1425 Saturni
696 1395 765 1426 xil.

849 1499 964 1511 ——n

185 1569 226 1600 C·
257 1571 293 1600 11.
322 1570 567 1615 EYFFERT,
597 1569 803 1602 Academicus
817 1571 1031 1614 Equitationis
1061 1571 1239 1615 Magister,
1263 1577 1362 1604 artem
1388 1571 1553 1616 equitandi
1567 1581 1647 1614 quo-

226 1626 299 1656 tidie
323 1625 459 1657 docebit.
1635 1623 1638 1627 ⁷

291 1681 458 1713 Theoriam
485 1684 560 1715 artis
587 1683 750 1726 equitandi
771 1691 909 1728 exponet
934 1685 985 1716 die
1006 1685 1112 1722 Jovis,
1139 1684 1217 1716 hora
1233 1684 1274 1717 V.

182 1737 221 1769 G.
258 1738 640 1779 KNIPPENBERG,
671 1740 875 1772 Academicus
914 1742 1128 1774 Gladiatoriae
1163 1743 1240 1774 artis
1269 1742 1419 1786 Magister
1437 1764 1448 1781 ,
1481 1747 1591 1785 aptum
1615 1745 1648 1772 et

225 1792 398 1836 elegantem
421 1794 516 1837 gladii
540 1807 634 1828 usum
659 1797 802 1840 quotidie
829 1797 964 1829 docebit.

1443 2013 1649 2047 NOMINA
