1913 2427
386 148 1394 183 ‚DissERTATIo‚BOTAN10A..·2
1631 155 1653 194 ῃ

116 241 286 279 propriam,
305 237 594 272 ⁴characteristicam,
625 236 826 274 adipiscuntur
852 236 972 272 figuram
997 244 1119 272 corpora
1143 244 1161 263 a
1183 235 1292 263 Natura
1317 233 1470 269 confecta,
1499 236 1579 264 talem
1607 236 1645 265 ab

116 292 261 330 organicis
285 297 346 319 tum
365 289 472 326 plantis
495 295 556 318 turn
578 288 1107 323 animalibus>nemoralienamputet:
1131 286 1223 315 fatcor
1242 292 1335 326 autem
1349 308 1357 322 ‚
1381 295 1500 315 menon
1525 287 1640 324 videre,

114 344 263 382 quomodo
282 343 306 371 is
331 351 388 370 rem
410 341 516 370 clarius
539 340 682 376 illustret,
705 340 756 376 qui
778 340 873 368 eadem
898 339 945 373 vi,
979 347 1034 374 qua
1058 338 1260 374 mineralium,
1290 338 1410 371 formam
1439 338 1643 378 o‘rganicorum,

114 395 223 432 definiri
245 398 276 423 et'
293 393 352 430 regi
376 393 462 429 velit,
485 401 568 428 quam
590 392 778 428 dynamicus,
805 390 854 427 qui
879 399 914 420 ex«
932 391 961 419 vi
988 391 1128 425 quadam,
1148 399 1163 418 a
1187 391 1306 420 caeteris
1331 390 1477 420 fossilium
1501 390 1646 427 guberna-1

115 446 238 476 tricibus
258 446 344 482 longe
366 445 497 480 diversa,
525 444 725 481 organicorum
757 443 878 472 formam
903 442 1029 471 deducit.
1085 442 1184 478 Siquis
1215 442 1288 471 enim
1321 442 1439 480 objiciat
1469 441 1646 476 universali&

115 495 405 535 crystallisabilitatis
428 495 602 531 defensori,
632 502 780 531 tantopere
807 493 1131 525 differrenmineralium-
1150 500 1178 523 et
1201 485 1569 531 organicorumrformam,
1583 500 1639 529 et,

113 548 247 587 quamvis
273 548 436 576 innumerae
460 548 521 577 sint
553 547 764 585 organicorum.
785 546 1017 576 ettmineralium
1052 545 1180 581 formae,
1211 546 1328 582 quaevis
1361 546 1504 575 mineralia
1535 546 1642 574 habere

111 608 216 636 notaS,
239 599 345 636 quibus
366 599 440 628 inter
461 608 492 628 se
505 600 698 635 conveniant,
722 598 1109 635 quibusque-ab*organicas-
1123 598 1358 635 distinguantur3
1381 604 1481 626 contra
1504 597 1648 634 organica*

115 652 234 690 quaevis
255 652 356 680 habere
373 651 569 686 characteres,
593 651 703 687 quibus
721 651 794 679 inter
816 659 847 680 se
869 650 1063 687 conveniant,
1093 657 1120 679 ct
1144 660 1159 679 a
1180 649 1285 687 quovis
1304 649 1431 678 minerali
1458 649 1640 685 distinguan-

113 711 187 741 tur,
203 713 271 733 mox
295 704 342 732 ille
363 703 534 739 respondet,
555 703 637 739 atqui
657 704 726 732 adeo
748 702 850 738 ingens
875 708 918 730 est
941 703 1072 731 materiae
1102 702 1249 739 organicae
1272 700 1436 730 ecfossilis
1460 701 1638 737 discriinen3

109 756 246 786 convenit
276 756 370 784 omnis
402 755 517 784 materia
551 755 685 792 organica
715 755 794 783 inter·
823 762 852 783 se
883 755 1079 793 aliquantum,
1110 753 1203 783 differt
1231 761 1299 782 vero
1320 752 1355 782 ab
1381 752 1638 791 omnifminerali3

109 815 211 838 contra
236 807 330 836 omnis
355 807 500 836 mineralis
523 807 661 836 convenit
683 806 864 842 aliquantum
888 806 964 835 inter
986 816 1036 843 se,
1066 806 1208 842 discrepat
1228 813 1296 834 vero
1322 804 1357 833 ab
1391 803 1471 833 omni
1493 803 1638 840 organica.

118 860 337 889 ...eonfitemur
363 859 479 895 quidem
500 859 660 894 rationem,
689 867 745 894 qua
767 857 930 886 formantur
952 858 1104 895 organica,
1126 857 1157 886 in
1181 866 1215 886 co
1241 856 1396 885 convenire
1418 863 1484 884 cum
1509 863 1558 890 ea,
1582 863 1639 890 qua

106 910 270 941 formantur
294 911 462 946 mineralia‚
492 917 525 938 ut
554 917 710 946 utrumque
737 918 829 938 rerum
863 918 953 946 genus
979 918 1013 938 ex
1037 909 1126 938 fluida
1150 908 1319 937 conditione
1346 908 1375 936 in
1396 907 1519 936 solidam
1547 913 1640 935 trans-

107 969 171 992 eat:
202 970 231 992 at
253 963 412 992 addendum
436 962 575 990 habemus
601 961 657 990 hoc
684 961 714 990 in
738 970 772 990 eo
794 970 810 989 a
831 970 862 990 se
882 961 1006 991 invicem
1028 961 1208 997 discrepare,
1229 966 1261 989 ut
1282 958 1468 988 mineralibus
1490 964 1640 994 competat

104 1013 200 1044 forma
221 1014 373 1050 angulata,
396 1014 548 1042 rotundata
569 1013 726 1049 organicis.
765 1012 849 1042 Hanc
874 1013 970 1048 itaque
997 1011 1302 1049 crystallisabilitatem
1330 1010 1456 1046 amplius
1487 1010 1534 1039 hic
1557 1009 1647 1038 inda->

105 1073 172 1102 gare
194 1073 312 1095 necesse
340 1073 401 1093 non
427 1071 485 1093 est:
512 1073 605 1100 neque
633 1064 664 1092 id
693 1071 808 1093 examen
837 1072 901 1093 esse
929 1065 1083 1093 allaturum
1114 1063 1244 1098 aliquam
1262 1064 1370 1094 ,lucem
1389 1069 1556 1098 speramus,
1579 1069 1642 1097 qua,

106 1116 180 1145 ratio
203 1116 276 1144 inter
296 1117 458 1152 plantarum
480 1122 654 1145 structuram
678 1121 705 1144 et
728 1115 849 1144 formam
872 1115 1052 1145 illustretur:
1081 1116 1174 1151 hujus
1201 1114 1321 1144 rationis
1353 1112 1540 1152 intelligentia
1571 1111 1641 1141 aliis

104 1166 163 1196 viis
189 1167 361 1203 acquirenda
387 1173 431 1196 est
455 1174 482 1195 et
503 1167 684 1203 colligenda,
711 1174 785 1201 quas
807 1173 898 1195 rectas
922 1166 1046 1196 feliciter
1070 1166 1217 1201 invenite,
1244 1172 1294 1195 aut
1320 1164 1443 1194 subinde
1469 1165 1640 1200 illustrare,

103 1218 217 1254 aliquid
242 1218 357 1254 quidem
383 1225 449 1254 est,
470 1227 521 1248 nec
545 1227 596 1255 par
616 1217 752 1246 tenuibus
770 1217 840 1246 meis
856 1218 989 1254 viribus,
1010 1218 1061 1247 has
1080 1224 1196 1252 autem,
1215 1218 1303 1247 modo
1322 1216 1443 1245 fideliter
1466 1214 1635 1279 ingrediar,

101 1268 213 1306 ingredi
235 1269 366 1299 voluisse
386 1276 420 1298 ut
444 1276 488 1300 sat
509 1269 548 1301 sit
569 1268 651 1303 fore,
676 1269 753 1301 haud
771 1270 920 1305 desperare
943 1269 1033 1299 tironi
1058 1269 1152 1303 liceat.

114 1320 287 1356 -Equidem
307 1327 403 1349 autem
423 1328 524 1357 operae
541 1320 666 1356 pretium
686 1329 730 1350 me
746 1320 890 1349 facturum
907 1329 969 1350 esse
986 1321 1107 1357 opinor,
1133 1329 1192 1356 quo
1209 1320 1317 1349 clarius
1338 1324 1492 1356 appareat,
1510 1317 1637 1347 formam-

103 1371 305 1409 vegetabilium
330 1371 413 1408 sequi
443 1378 637 1407 structuram,
666 1372 700 1400 dc
728 1371 837 1400 fab-rica
868 1373 1029 1409 plantarum
1057 1372 1157 1409 paucis
1189 1371 1337 1401 disserere,
1386 1371 1460 1408 Quo
1485 1369 1639 1406 difficilius

103 1422 161 1452 fuit
176 1422 309 1459 indagare
331 1429 360 1451 et
383 1423 575 1459 introspicere
595 1423 1035 1461 subtilissimamvegetabilium
1058 1423 1197 1452 fabricam
1210 1445 1218 1458 ‚
1241 1423 1356 1458 sibique
1376 1421 1529 1458 genuinam
1552 1429 1632 1449 com-

102 1482 201 1511 parare
220 1474 359 1503 notitiam
387 1474 595 1503 incredibiliter
622 1481 822 1504 contortorum
854 1483 1007 1511 gyrorum,
1037 1475 1264 1509 ultimorumque
1297 1469 1483 1502 vasculorum
1510 1472 1635 1508 finium,

102 1529 152 1553 aut
178 1524 328 1560 pervenire
350 1525 385 1553 ad
407 1525 520 1553 ultimas
548 1524 630 1554 bases
653 1532 680 1554 et
705 1525 872 1561 simplices,
901 1534 1022 1561 quarum
1054 1526 1148 1554 varius
1182 1515 1345 1554 concursus
1371 1524 1480 1559 reliqua
1505 1524 1630 1560 plurima

101 1574 231 1604 effen-mat
251 1584 376 1613 organa,
396 1584 430 1604 eo
452 1576 585 1613 majorem
609 1576 780 1607 industriam
800 1578 982 1606 collocarunt
1005 1584 1032 1606 et
1050 1578 1146 1613 plures
1176 1583 1203 1605 et
1224 1575 1320 1605 eximii
1335 1575 1473 1612 Physici,
1499 1575 1528 1604 in
1550 1575 1630 1604 inve-

102 1625 203 1655 nienda
220 1626 434 1662 simplicissima
456 1627 621 1662 methodo,
649 1636 720 1664 quae
746 1627 775 1656 in
800 1628 872 1657 diem
899 1629 1038 1664 proferret
1066 1629 1165 1657 abdita¹
1185 1629 1232 1656 illa
1255 1627 1383 1656 Naturae
1402 1635 1506 1663 opera3
1536 1634 1630 1662 eoque

103 1676 198 1713 magis
217 1678 382 1714 ingenium,
409 1679 493 1715 cujus
523 1679 658 1709 nonnulli
680 1679 916 1715 Phytomicorum
942 1686 1020 1708 erant
1048 1680 1144 1716 pleni,
1180 1685 1317 1708 acuerunt
1339 1679 1373 1710 ad
1395 1678 1561 1707 dissecanda
1588 1683 1630 1704 te·

104 1727 242 1757 nuissima
270 1727 434 1758 firmissime
456 1737 523 1758 cum
547 1728 651 1760 vicinis
677 1737 810 1760 concreta
834 1739 956 1768 organa,
982 1731 1060 1760 etad
1081 1731 1177 1759 fideles
1196 1731 1225 1759 in
1245 1730 1332 1759 tantis
1355 1728 1479 1758 tenebris
1500 1734 1630 1764 repeten-

104 1778 161 1813 das.
177 1780 402 1816 conclusiones,
426 1780 486 1810 sive
507 1781 638 1818 analogia
659 1782 760 1818 nixas,
790 1782 851 1811 sive
874 1783 1009 1811 deductas
1022 1791 1049 1811 va
1067 1791 1097 1810 re
1116 1782 1243 1818 quadanr
1259 1787 1420 1817 perspecta.

110 1844 123 1859 μ
140 1829 211 1868 Quo
233 1838 326 1861 autem
343 1832 458 1862 facilius
470 1853 481 1868 ,
497 1840 558 1862 tum
581 1833 698 1862 mirifica
715 1833 917 1871 vegetabilium
935 1841 1107 1870 organorum
1129 1833 1295 1866 Subtilitas‚
1316 1838 1364 1860 aut
1386 1831 1546 1862 arctissima
1559 1840 1626 1861 cum

105 1881 246 1917 proximis
269 1884 383 1920 organis
408 1885 575 1921 concretio,
597 1891 658 1914 tum
679 1885 837 1922 frequens,
858 1893 886 1915 et
908 1886 1048 1915 molestus
1064 1886 1140 1914 haud
1163 1885 1360 1920 minuslquam
1384 1884 1548 1919 subdolus,
1573 1884 1626 1912 mi-

103 1934 341 1970 croscopicorum
368 1936 624 1966 instrumentorum
653 1946 744 1972 usus,
773 1936 916 1975 Physicos
938 1936 1034 1965 fallere
1062 1936 1209 1973 potuerit,
1239 1944 1272 1965 eo
1296 1935 1396 1973 majori
1421 1935 1555 1967 cautione
1578 1935 1624 1963 usi

103 1991 193 2021 tunt,
212 1993 248 2015 ne
267 1985 299 2016 in
323 1986 467 2017 faciundis
490 1987 637 2026 ejusmodi
664 1989 704 2018 rei
728 1987 866 2027 periculis
888 1987 1060 2025 deficerent3
1086 1994 1180 2024 eoque
1201 1986 1332 2018 crebrius
1355 1992 1384 2019 et
1407 1985 1572 2023 diligentius
1591 1985 1623 2013 in

1585 2043 1630 2066 m·
