<?xml version="1.0" encoding="UTF-8"?>
<!DOCTYPE html PUBLIC "-//W3C//DTD XHTML 1.0 Transitional//EN"
    "http://www.w3.org/TR/xhtml1/DTD/xhtml1-transitional.dtd">
<html xmlns="http://www.w3.org/1999/xhtml" xml:lang="en" lang="en">
 <head>
  <title>
</title>
<meta http-equiv="Content-Type" content="text/html;charset=utf-8" />
  <meta name='ocr-system' content='tesseract 3.04.00' />
  <meta name='ocr-capabilities' content='ocr_page ocr_carea ocr_par ocr_line ocrx_word'/>
</head>
<body>
  <div class='ocr_page' id='page_1' title='image "annalesacademiae17rijk_0407.png"; bbox 0 0 1913 2427; ppageno 0'>
   <div class='ocr_carea' id='block_1_1' title="bbox 6 936 12 1631">
    <p class='ocr_par' dir='ltr' id='par_1_1' title="bbox 6 936 12 1631">
     <span class='ocr_line' id='line_1_1' title="bbox 6 936 12 1631; baseline 0 0"><span class='ocrx_word' id='word_1_1' title='bbox 6 936 12 1631; x_wconf 95' lang='lat' dir='ltr'> </span> 
     </span>
    </p>
   </div>
   <div class='ocr_carea' id='block_1_2' title="bbox 440 155 1659 202">
    <p class='ocr_par' dir='ltr' id='par_1_2' title="bbox 440 155 1659 202">
     <span class='ocr_line' id='line_1_2' title="bbox 440 155 1659 202; baseline 0.011 -14"><span class='ocrx_word' id='word_1_2' title='bbox 440 155 917 189; x_wconf 79' lang='lat' dir='ltr'>DISSERTATIO</span> <span class='ocrx_word' id='word_1_3' title='bbox 983 158 1388 196; x_wconf 44' lang='grc' dir='ltr'>ΒΟὛΓΑΞΨΙῙΕΑ,1</span> <span class='ocrx_word' id='word_1_4' title='bbox 1612 162 1659 202; x_wconf 68' lang='grc'>38</span> 
     </span>
    </p>
   </div>
   <div class='ocr_carea' id='block_1_3' title="bbox 122 243 1693 1880">
    <p class='ocr_par' dir='ltr' id='par_1_3' title="bbox 127 243 1650 944">
     <span class='ocr_line' id='line_1_3' title="bbox 132 243 1647 291; baseline 0.005 -17"><span class='ocrx_word' id='word_1_5' title='bbox 132 244 214 274; x_wconf 62' lang='lat' dir='ltr'>alant</span> <span class='ocrx_word' id='word_1_6' title='bbox 232 243 348 274; x_wconf 87' lang='lat' dir='ltr'>Urticas</span> <span class='ocrx_word' id='word_1_7' title='bbox 361 243 510 273; x_wconf 82' lang='lat' dir='ltr'>duodecim</span> <span class='ocrx_word' id='word_1_8' title='bbox 523 244 610 280; x_wconf 83' lang='lat' dir='ltr'>pedes</span> <span class='ocrx_word' id='word_1_9' title='bbox 631 244 723 279; x_wconf 87' lang='lat' dir='ltr'>altas,</span> <span class='ocrx_word' id='word_1_10' title='bbox 742 250 770 272; x_wconf 85' lang='lat' dir='ltr'>et</span> <span class='ocrx_word' id='word_1_11' title='bbox 794 244 946 281; x_wconf 83' lang='lat' dir='ltr'>Angelicas</span> <span class='ocrx_word' id='word_1_12' title='bbox 971 246 1082 276; x_wconf 80' lang='lat' dir='ltr'>truncis</span> <span class='ocrx_word' id='word_1_13' title='bbox 1105 248 1230 277; x_wconf 80' lang='lat' dir='ltr'>arbore1s</span> <span class='ocrx_word' id='word_1_14' title='bbox 1251 249 1437 285; x_wconf 85' lang='lat' dir='ltr'>conspicuas.</span> <span class='ocrx_word' id='word_1_15' title='bbox 1477 250 1572 291; x_wconf 84' lang='lat' dir='ltr'><strong>Quare</strong></span> <span class='ocrx_word' id='word_1_16' title='bbox 1587 253 1647 289; x_wconf 83' lang='lat' dir='ltr'>jam</span> 
     </span>
     <span class='ocr_line' id='line_1_4' title="bbox 136 295 1647 337; baseline 0.005 -11"><span class='ocrx_word' id='word_1_17' title='bbox 136 303 251 326; x_wconf 87' lang='lat' dir='ltr'>constat</span> <span class='ocrx_word' id='word_1_18' title='bbox 279 296 351 325; x_wconf 92' lang='lat' dir='ltr'>inter</span> <span class='ocrx_word' id='word_1_19' title='bbox 375 295 537 332; x_wconf 84' lang='lat' dir='ltr'>Physicos,</span> <span class='ocrx_word' id='word_1_20' title='bbox 559 297 635 333; x_wconf 87' lang='lat' dir='ltr'>ligna</span> <span class='ocrx_word' id='word_1_21' title='bbox 656 296 788 324; x_wconf 89' lang='lat' dir='ltr'>arborum</span> <span class='ocrx_word' id='word_1_22' title='bbox 804 316 814 331; x_wconf 82' lang='grc'><strong>,</strong></span> <span class='ocrx_word' id='word_1_23' title='bbox 844 304 916 331; x_wconf 88' lang='lat' dir='ltr'>quae</span> <span class='ocrx_word' id='word_1_24' title='bbox 939 297 1002 327; x_wconf 85' lang='lat' dir='ltr'>solo</span> <span class='ocrx_word' id='word_1_25' title='bbox 1027 297 1155 327; x_wconf 84' lang='lat' dir='ltr'>calcareo</span> <span class='ocrx_word' id='word_1_26' title='bbox 1179 307 1246 328; x_wconf 87' lang='lat' dir='ltr'>usae</span> <span class='ocrx_word' id='word_1_27' title='bbox 1269 299 1404 337; x_wconf 81' lang='lat' dir='ltr'>fuerunt,</span> <span class='ocrx_word' id='word_1_28' title='bbox 1431 303 1567 332; x_wconf 84' lang='lat' dir='ltr'>solidiora</span> <span class='ocrx_word' id='word_1_29' title='bbox 1583 312 1647 333; x_wconf 86' lang='lat' dir='ltr'>esse</span> 
     </span>
     <span class='ocr_line' id='line_1_5' title="bbox 129 347 1646 391; baseline 0.006 -16"><span class='ocrx_word' id='word_1_30' title='bbox 129 348 219 385; x_wconf 69' lang='lat' dir='ltr'>lignis</span> <span class='ocrx_word' id='word_1_31' title='bbox 243 347 397 383; x_wconf 88' lang='lat' dir='ltr'>arborum,</span> <span class='ocrx_word' id='word_1_32' title='bbox 420 356 493 383; x_wconf 85' lang='lat' dir='ltr'>quae</span> <span class='ocrx_word' id='word_1_33' title='bbox 520 347 667 384; x_wconf 82' lang='lat' dir='ltr'>graniticis</span> <span class='ocrx_word' id='word_1_34' title='bbox 686 347 767 376; x_wconf 89' lang='lat' dir='ltr'>terris</span> <span class='ocrx_word' id='word_1_35' title='bbox 785 347 832 375; x_wconf 88' lang='lat' dir='ltr'>vel</span> <span class='ocrx_word' id='word_1_36' title='bbox 848 347 913 375; x_wconf 86' lang='lat' dir='ltr'>aliis</span> <span class='ocrx_word' id='word_1_37' title='bbox 936 356 1004 377; x_wconf 85' lang='lat' dir='ltr'>usae</span> <span class='ocrx_word' id='word_1_38' title='bbox 1025 348 1160 379; x_wconf 87' lang='lat' dir='ltr'>fuerunt:</span> <span class='ocrx_word' id='word_1_39' title='bbox 1191 351 1267 382; x_wconf 85' lang='lat' dir='ltr'>unde</span> <span class='ocrx_word' id='word_1_40' title='bbox 1289 351 1364 389; x_wconf 79' lang='lat' dir='ltr'>ligna</span> <span class='ocrx_word' id='word_1_41' title='bbox 1384 361 1407 383; x_wconf 89' lang='lat' dir='ltr'>e.</span> <span class='ocrx_word' id='word_1_42' title='bbox 1433 363 1461 391; x_wconf 89' lang='lat' dir='ltr'>g.</span> <span class='ocrx_word' id='word_1_43' title='bbox 1482 355 1646 386; x_wconf 66' lang='lat' dir='ltr'>Insularutu·</span> 
     </span>
     <span class='ocr_line' id='line_1_6' title="bbox 130 397 1646 443; baseline 0.005 -16"><span class='ocrx_word' id='word_1_44' title='bbox 130 399 256 435; x_wconf 77' lang='lat' dir='ltr'>Bahama</span> <span class='ocrx_word' id='word_1_45' title='bbox 275 398 428 428; x_wconf 84' lang='lat' dir='ltr'>durissima</span> <span class='ocrx_word' id='word_1_46' title='bbox 456 405 545 432; x_wconf 86' lang='lat' dir='ltr'>sunt;</span> <span class='ocrx_word' id='word_1_47' title='bbox 574 404 709 427; x_wconf 83' lang='lat' dir='ltr'>constant</span> <span class='ocrx_word' id='word_1_48' title='bbox 737 404 829 425; x_wconf 83' lang='lat' dir='ltr'>autem</span> <span class='ocrx_word' id='word_1_49' title='bbox 858 397 957 426; x_wconf 86' lang='lat' dir='ltr'>harum</span> <span class='ocrx_word' id='word_1_50' title='bbox 992 406 1079 429; x_wconf 86' lang='lat' dir='ltr'>terrae</span> <span class='ocrx_word' id='word_1_51' title='bbox 1112 401 1196 430; x_wconf 86' lang='lat' dir='ltr'>unice</span> <span class='ocrx_word' id='word_1_52' title='bbox 1230 411 1263 432; x_wconf 88' lang='lat' dir='ltr'>ex</span> <span class='ocrx_word' id='word_1_53' title='bbox 1295 404 1380 433; x_wconf 90' lang='lat' dir='ltr'>testis</span> <span class='ocrx_word' id='word_1_54' title='bbox 1414 406 1646 443; x_wconf 37' lang='lat' dir='ltr'>molluscorum3*</span> 
     </span>
     <span class='ocr_line' id='line_1_7' title="bbox 131 449 1645 492; baseline 0.005 -12"><span class='ocrx_word' id='word_1_55' title='bbox 131 458 160 483; x_wconf 81' lang='lat' dir='ltr'>et</span> <span class='ocrx_word' id='word_1_56' title='bbox 180 459 262 481; x_wconf 87' lang='lat' dir='ltr'>omne</span> <span class='ocrx_word' id='word_1_57' title='bbox 285 451 396 487; x_wconf 87' lang='lat' dir='ltr'>lignum</span> <span class='ocrx_word' id='word_1_58' title='bbox 419 450 569 487; x_wconf 83' lang='lat' dir='ltr'>cujusdam</span> <span class='ocrx_word' id='word_1_59' title='bbox 593 449 695 478; x_wconf 79' lang='lat' dir='ltr'>Novae</span> <span class='ocrx_word' id='word_1_60' title='bbox 708 449 887 491; x_wconf 24' lang='lat' dir='ltr'>&#39;’Hollandiae</span> <span class='ocrx_word' id='word_1_61' title='bbox 909 449 998 486; x_wconf 85' lang='lat' dir='ltr'>partis</span> <span class='ocrx_word' id='word_1_62' title='bbox 1017 452 1087 480; x_wconf 83' lang='lat' dir='ltr'>adeo</span> <span class='ocrx_word' id='word_1_63' title='bbox 1105 453 1207 482; x_wconf 88' lang='lat' dir='ltr'>durum</span> <span class='ocrx_word' id='word_1_64' title='bbox 1239 461 1267 483; x_wconf 87' lang='lat' dir='ltr'>et</span> <span class='ocrx_word' id='word_1_65' title='bbox 1289 463 1472 492; x_wconf 85' lang='lat' dir='ltr'>compactum</span> <span class='ocrx_word' id='word_1_66' title='bbox 1494 458 1645 489; x_wconf 83' lang='lat' dir='ltr'>inventum</span> 
     </span>
     <span class='ocr_line' id='line_1_8' title="bbox 130 501 1646 546; baseline 0.006 -15"><span class='ocrx_word' id='word_1_67' title='bbox 130 509 194 538; x_wconf 87' lang='lat' dir='ltr'>est,</span> <span class='ocrx_word' id='word_1_68' title='bbox 216 509 248 531; x_wconf 92' lang='lat' dir='ltr'>ut</span> <span class='ocrx_word' id='word_1_69' title='bbox 270 502 396 531; x_wconf 85' lang='lat' dir='ltr'>celeriter</span> <span class='ocrx_word' id='word_1_70' title='bbox 415 510 504 538; x_wconf 84' lang='lat' dir='ltr'>aquae</span> <span class='ocrx_word' id='word_1_71' title='bbox 526 501 649 530; x_wconf 89' lang='lat' dir='ltr'>fundum</span> <span class='ocrx_word' id='word_1_72' title='bbox 673 507 770 537; x_wconf 82' lang='lat' dir='ltr'>petat:</span> <span class='ocrx_word' id='word_1_73' title='bbox 791 501 858 529; x_wconf 87' lang='lat' dir='ltr'>haec</span> <span class='ocrx_word' id='word_1_74' title='bbox 882 508 978 531; x_wconf 87' lang='lat' dir='ltr'>autem</span> <span class='ocrx_word' id='word_1_75' title='bbox 1000 511 1065 538; x_wconf 85' lang='lat' dir='ltr'>pars</span> <span class='ocrx_word' id='word_1_76' title='bbox 1090 511 1204 533; x_wconf 88' lang='lat' dir='ltr'>constat</span> <span class='ocrx_word' id='word_1_77' title='bbox 1236 508 1362 535; x_wconf 83' lang='lat' dir='ltr'>coralliis</span> <span class='ocrx_word' id='word_1_78' title='bbox 1392 511 1518 545; x_wconf 84' lang='lat' dir='ltr'>partim,</span> <span class='ocrx_word' id='word_1_79' title='bbox 1537 511 1646 546; x_wconf 79' lang='lat' dir='ltr'>partim</span> 
     </span>
     <span class='ocr_line' id='line_1_9' title="bbox 132 541 1646 592; baseline 0.005 -8"><span class='ocrx_word' id='word_1_80' title='bbox 132 541 339 584; x_wconf 80' lang='lat' dir='ltr'>molluscorum</span> <span class='ocrx_word' id='word_1_81' title='bbox 362 553 455 591; x_wconf 83' lang='lat' dir='ltr'>testis.</span> <span class='ocrx_word' id='word_1_82' title='bbox 496 553 570 582; x_wconf 88' lang='lat' dir='ltr'>Nam</span> <span class='ocrx_word' id='word_1_83' title='bbox 588 560 621 592; x_wconf 17' lang='lat' dir='ltr'>fet</span> <span class='ocrx_word' id='word_1_84' title='bbox 642 554 835 587; x_wconf 61' lang='lat' dir='ltr'>Salassus-ias,</span> <span class='ocrx_word' id='word_1_85' title='bbox 862 552 908 580; x_wconf 85' lang='lat' dir='ltr'>cui</span> <span class='ocrx_word' id='word_1_86' title='bbox 932 553 1087 592; x_wconf 84' lang='lat' dir='ltr'>plurimum</span> <span class='ocrx_word' id='word_1_87' title='bbox 1109 554 1227 584; x_wconf 84' lang='lat' dir='ltr'>debetur</span> <span class='ocrx_word' id='word_1_88' title='bbox 1250 557 1288 585; x_wconf 92' lang='lat' dir='ltr'>ob</span> <span class='ocrx_word' id='word_1_89' title='bbox 1311 558 1481 589; x_wconf 85' lang='lat' dir='ltr'>elaboratam</span> <span class='ocrx_word' id='word_1_90' title='bbox 1507 561 1646 592; x_wconf 87' lang='lat' dir='ltr'>chemiam</span> 
     </span>
     <span class='ocr_line' id='line_1_10' title="bbox 131 603 1649 647; baseline 0.004 -14"><span class='ocrx_word' id='word_1_91' title='bbox 131 605 339 642; x_wconf 85' lang='lat' dir='ltr'>vegetabilem,</span> <span class='ocrx_word' id='word_1_92' title='bbox 370 605 437 641; x_wconf 87' lang='lat' dir='ltr'>plus</span> <span class='ocrx_word' id='word_1_93' title='bbox 462 612 552 640; x_wconf 86' lang='lat' dir='ltr'>aquae</span> <span class='ocrx_word' id='word_1_94' title='bbox 574 603 683 632; x_wconf 86' lang='lat' dir='ltr'>invenit</span> <span class='ocrx_word' id='word_1_95' title='bbox 703 603 882 632; x_wconf 81' lang='lat' dir='ltr'>continentes</span> <span class='ocrx_word' id='word_1_96' title='bbox 904 603 1004 632; x_wconf 73' lang='lat' dir='ltr'>Pinum</span> <span class='ocrx_word' id='word_1_97' title='bbox 1028 605 1175 641; x_wconf 87' lang='lat' dir='ltr'>Abietem‚</span> <span class='ocrx_word' id='word_1_98' title='bbox 1203 607 1354 644; x_wconf 89' lang='lat' dir='ltr'>Laricem,</span> <span class='ocrx_word' id='word_1_99' title='bbox 1377 610 1546 647; x_wconf 86' lang='lat' dir='ltr'>Juniperum</span> <span class='ocrx_word' id='word_1_100' title='bbox 1567 622 1649 642; x_wconf 76' lang='lat' dir='ltr'>com·</span> 
     </span>
     <span class='ocr_line' id='line_1_11' title="bbox 129 654 1649 700; baseline 0.005 -14"><span class='ocrx_word' id='word_1_101' title='bbox 129 665 264 692; x_wconf 88' lang='lat' dir='ltr'>munem,</span> <span class='ocrx_word' id='word_1_102' title='bbox 285 656 373 691; x_wconf 66' lang='lat' dir='ltr'>alias,</span> <span class='ocrx_word' id='word_1_103' title='bbox 393 664 466 692; x_wconf 82' lang='lat' dir='ltr'>quae</span> <span class='ocrx_word' id='word_1_104' title='bbox 480 661 626 684; x_wconf 86' lang='lat' dir='ltr'>creverant</span> <span class='ocrx_word' id='word_1_105' title='bbox 644 655 672 682; x_wconf 91' lang='lat' dir='ltr'>in</span> <span class='ocrx_word' id='word_1_106' title='bbox 688 661 759 683; x_wconf 81' lang='lat' dir='ltr'>terta</span> <span class='ocrx_word' id='word_1_107' title='bbox 780 654 936 691; x_wconf 79' lang='lat' dir='ltr'>granitica3</span> <span class='ocrx_word' id='word_1_108' title='bbox 961 664 1034 691; x_wconf 85' lang='lat' dir='ltr'>aqua</span> <span class='ocrx_word' id='word_1_109' title='bbox 1053 664 1145 686; x_wconf 91' lang='lat' dir='ltr'>autem</span> <span class='ocrx_word' id='word_1_110' title='bbox 1163 667 1225 687; x_wconf 85' lang='lat' dir='ltr'>esse</span> <span class='ocrx_word' id='word_1_111' title='bbox 1239 661 1441 698; x_wconf 80' lang='lat' dir='ltr'>pauperiores,</span> <span class='ocrx_word' id='word_1_112' title='bbox 1464 672 1537 700; x_wconf 86' lang='lat' dir='ltr'>quae</span> <span class='ocrx_word' id='word_1_113' title='bbox 1553 673 1649 694; x_wconf 80' lang='lat' dir='ltr'>creve-</span> 
     </span>
     <span class='ocr_line' id='line_1_12' title="bbox 129 697 1644 751; baseline 0.005 -13"><span class='ocrx_word' id='word_1_114' title='bbox 129 715 194 739; x_wconf 77' lang='lat' dir='ltr'>rant</span> <span class='ocrx_word' id='word_1_115' title='bbox 219 697 392 736; x_wconf 49' lang='lat' dir='ltr'>in&#39;calcarea</span> <span class='ocrx_word' id='word_1_116' title='bbox 415 708 511 745; x_wconf 82' lang='lat'><strong>(98).</strong></span> <span class='ocrx_word' id='word_1_117' title='bbox 557 707 652 736; x_wconf 86' lang='lat' dir='ltr'>Facile</span> <span class='ocrx_word' id='word_1_118' title='bbox 680 705 754 734; x_wconf 92' lang='lat' dir='ltr'>foret</span> <span class='ocrx_word' id='word_1_119' title='bbox 783 707 925 744; x_wconf 80' lang='lat' dir='ltr'>ejusmodi</span> <span class='ocrx_word' id='word_1_120' title='bbox 958 708 1191 738; x_wconf 85' lang='lat' dir='ltr'>observationum</span> <span class='ocrx_word' id='word_1_121' title='bbox 1219 720 1369 741; x_wconf 88' lang='lat' dir='ltr'>numerum</span> <span class='ocrx_word' id='word_1_122' title='bbox 1397 722 1517 751; x_wconf 83' lang='lat' dir='ltr'>augere,</span> <span class='ocrx_word' id='word_1_123' title='bbox 1545 725 1644 746; x_wconf 84' lang='lat' dir='ltr'>verum</span> 
     </span>
     <span class='ocr_line' id='line_1_13' title="bbox 129 745 1649 801; baseline 0.005 -12"><span class='ocrx_word' id='word_1_124' title='bbox 129 745 297 790; x_wconf 72' lang='lat' dir='ltr'>irritamenti</span> <span class='ocrx_word' id='word_1_125' title='bbox 326 759 452 787; x_wconf 86' lang='lat' dir='ltr'>valorem</span> <span class='ocrx_word' id='word_1_126' title='bbox 484 759 514 787; x_wconf 89' lang='lat' dir='ltr'>in</span> <span class='ocrx_word' id='word_1_127' title='bbox 540 759 654 794; x_wconf 85' lang='lat' dir='ltr'>plantas</span> <span class='ocrx_word' id='word_1_128' title='bbox 689 758 758 786; x_wconf 88' lang='lat' dir='ltr'>satis</span> <span class='ocrx_word' id='word_1_129' title='bbox 794 766 940 795; x_wconf 83' lang='lat' dir='ltr'>superque</span> <span class='ocrx_word' id='word_1_130' title='bbox 966 761 1119 796; x_wconf 85' lang='lat' dir='ltr'>probatum</span> <span class='ocrx_word' id='word_1_131' title='bbox 1148 763 1261 798; x_wconf 86' lang='lat' dir='ltr'>putavi.</span> <span class='ocrx_word' id='word_1_132' title='bbox 1309 764 1426 801; x_wconf 82' lang='lat' dir='ltr'>Quibus</span> <span class='ocrx_word' id='word_1_133' title='bbox 1454 767 1649 797; x_wconf 79' lang='lat' dir='ltr'>consideratis.</span> 
     </span>
     <span class='ocr_line' id='line_1_14' title="bbox 127 798 1646 861; baseline 0.007 -22"><span class='ocrx_word' id='word_1_134' title='bbox 127 798 260 850; x_wconf 72' lang='lat' dir='ltr'>apparet,</span> <span class='ocrx_word' id='word_1_135' title='bbox 282 812 307 839; x_wconf 88' lang='lat' dir='ltr'>si</span> <span class='ocrx_word' id='word_1_136' title='bbox 334 811 400 847; x_wconf 89' lang='lat' dir='ltr'>quis</span> <span class='ocrx_word' id='word_1_137' title='bbox 422 817 498 839; x_wconf 83' lang='lat' dir='ltr'>recte</span> <span class='ocrx_word' id='word_1_138' title='bbox 513 810 641 848; x_wconf 82' lang='lat' dir='ltr'>judicare</span> <span class='ocrx_word' id='word_1_139' title='bbox 662 811 731 839; x_wconf 88' lang='lat' dir='ltr'>velit</span> <span class='ocrx_word' id='word_1_140' title='bbox 751 811 785 839; x_wconf 89' lang='lat' dir='ltr'>de</span> <span class='ocrx_word' id='word_1_141' title='bbox 808 811 916 840; x_wconf 87' lang='lat' dir='ltr'>ratione</span> <span class='ocrx_word' id='word_1_142' title='bbox 936 811 1079 848; x_wconf 78' lang='lat' dir='ltr'>fabricae,</span> <span class='ocrx_word' id='word_1_143' title='bbox 1110 813 1218 861; x_wconf 54' lang='lat' dir='ltr'>formae</span> <span class='ocrx_word' id='word_1_144' title='bbox 1250 821 1277 844; x_wconf 87' lang='lat' dir='ltr'>et</span> <span class='ocrx_word' id='word_1_145' title='bbox 1307 815 1478 846; x_wconf 83' lang='lat' dir='ltr'>facultatum</span> <span class='ocrx_word' id='word_1_146' title='bbox 1503 819 1646 856; x_wconf 77' lang='lat' dir='ltr'>vegetabi-</span> 
     </span>
     <span class='ocr_line' id='line_1_15' title="bbox 128 862 1650 903; baseline 0.006 -12"><span class='ocrx_word' id='word_1_147' title='bbox 128 864 220 898; x_wconf 87' lang='lat' dir='ltr'>lium,</span> <span class='ocrx_word' id='word_1_148' title='bbox 242 862 341 899; x_wconf 89' lang='lat' dir='ltr'>quanti</span> <span class='ocrx_word' id='word_1_149' title='bbox 362 862 420 899; x_wconf 87' lang='lat' dir='ltr'>ipsi</span> <span class='ocrx_word' id='word_1_150' title='bbox 445 862 582 891; x_wconf 78' lang='lat' dir='ltr'>momenti</span> <span class='ocrx_word' id='word_1_151' title='bbox 605 862 643 892; x_wconf 88' lang='lat' dir='ltr'>sit</span> <span class='ocrx_word' id='word_1_152' title='bbox 665 862 802 892; x_wconf 81' lang='lat' dir='ltr'>rationem</span> <span class='ocrx_word' id='word_1_153' title='bbox 822 863 923 893; x_wconf 87' lang='lat' dir='ltr'>habere</span> <span class='ocrx_word' id='word_1_154' title='bbox 945 865 1167 902; x_wconf 87' lang='lat' dir='ltr'>conditionum,</span> <span class='ocrx_word' id='word_1_155' title='bbox 1198 867 1307 903; x_wconf 85' lang='lat' dir='ltr'>quibus</span> <span class='ocrx_word' id='word_1_156' title='bbox 1335 869 1391 898; x_wconf 85' lang='lat' dir='ltr'>sub</span> <span class='ocrx_word' id='word_1_157' title='bbox 1421 869 1506 899; x_wconf 84' lang='lat' dir='ltr'>variis</span> <span class='ocrx_word' id='word_1_158' title='bbox 1534 878 1650 900; x_wconf 79' lang='lat' dir='ltr'>versata·</span> 
     </span>
     <span class='ocr_line' id='line_1_16' title="bbox 127 914 247 944; baseline 0 0"><span class='ocrx_word' id='word_1_159' title='bbox 127 914 247 944; x_wconf 86' lang='lat' dir='ltr'>fuerint.</span> 
     </span>
    </p>

    <p class='ocr_par' dir='ltr' id='par_1_4' title="bbox 128 966 1693 1059">
     <span class='ocr_line' id='line_1_17' title="bbox 129 966 1693 1010; baseline 0.005 -14"><span class='ocrx_word' id='word_1_160' title='bbox 129 1002 134 1006; x_wconf 30' lang='grc' dir='ltr'>ι</span> <span class='ocrx_word' id='word_1_161' title='bbox 167 966 268 1003; x_wconf 87' lang='lat' dir='ltr'>Itaque</span> <span class='ocrx_word' id='word_1_162' title='bbox 290 973 441 1004; x_wconf 82' lang='lat' dir='ltr'>superest,</span> <span class='ocrx_word' id='word_1_163' title='bbox 464 974 496 996; x_wconf 92' lang='lat' dir='ltr'>ut</span> <span class='ocrx_word' id='word_1_164' title='bbox 512 967 623 1005; x_wconf 80' lang='lat' dir='ltr'>aliquot</span> <span class='ocrx_word' id='word_1_165' title='bbox 639 968 797 998; x_wconf 83' lang='lat' dir='ltr'>afferamus.</span> <span class='ocrx_word' id='word_1_166' title='bbox 808 970 952 1006; x_wconf 85' lang='lat' dir='ltr'>exempla,</span> <span class='ocrx_word' id='word_1_167' title='bbox 970 976 1152 1000; x_wconf 85' lang='lat' dir='ltr'>memoratam</span> <span class='ocrx_word' id='word_1_168' title='bbox 1168 977 1195 1000; x_wconf 86' lang='lat' dir='ltr'>et</span> <span class='ocrx_word' id='word_1_169' title='bbox 1211 970 1379 1008; x_wconf 82' lang='lat' dir='ltr'>explicatam</span> <span class='ocrx_word' id='word_1_170' title='bbox 1395 972 1533 1002; x_wconf 83' lang='lat' dir='ltr'>rationem</span> <span class='ocrx_word' id='word_1_171' title='bbox 1551 981 1651 1004; x_wconf 63' lang='lat' dir='ltr'>strue&lt;</span> <span class='ocrx_word' id='word_1_172' title='bbox 1690 1008 1693 1010; x_wconf 19' lang='lat' dir='ltr'>v</span> 
     </span>
     <span class='ocr_line' id='line_1_18' title="bbox 128 1018 927 1059; baseline 0.005 -14"><span class='ocrx_word' id='word_1_173' title='bbox 128 1022 209 1059; x_wconf 63' lang='lat' dir='ltr'>tutae</span> <span class='ocrx_word' id='word_1_174' title='bbox 229 1018 430 1054; x_wconf 79' lang='lat' dir='ltr'>vegetabilium</span> <span class='ocrx_word' id='word_1_175' title='bbox 451 1019 523 1047; x_wconf 87' lang='lat' dir='ltr'>inter</span> <span class='ocrx_word' id='word_1_176' title='bbox 546 1026 572 1047; x_wconf 90' lang='lat' dir='ltr'>et</span> <span class='ocrx_word' id='word_1_177' title='bbox 593 1018 713 1048; x_wconf 87' lang='lat' dir='ltr'>formam</span> <span class='ocrx_word' id='word_1_178' title='bbox 737 1021 927 1049; x_wconf 84' lang='lat' dir='ltr'>illustratura.</span> 
     </span>
    </p>

    <p class='ocr_par' dir='ltr' id='par_1_5' title="bbox 122 1068 1685 1880">
     <span class='ocr_line' id='line_1_19' title="bbox 165 1068 1643 1116; baseline 0.008 -20"><span class='ocrx_word' id='word_1_179' title='bbox 165 1068 414 1105; x_wconf 87' lang='lat' dir='ltr'>Memoravimus,</span> <span class='ocrx_word' id='word_1_180' title='bbox 437 1070 605 1106; x_wconf 84' lang='lat' dir='ltr'>vegetabilia</span> <span class='ocrx_word' id='word_1_181' title='bbox 628 1070 809 1100; x_wconf 84' lang='lat' dir='ltr'>conformare</span> <span class='ocrx_word' id='word_1_182' title='bbox 829 1073 973 1108; x_wconf 86' lang='lat' dir='ltr'>duplicem</span> <span class='ocrx_word' id='word_1_183' title='bbox 999 1074 1156 1111; x_wconf 84' lang='lat' dir='ltr'>fabricam,</span> <span class='ocrx_word' id='word_1_184' title='bbox 1178 1076 1358 1112; x_wconf 86' lang='lat' dir='ltr'>cellularem,</span> <span class='ocrx_word' id='word_1_185' title='bbox 1387 1083 1414 1105; x_wconf 87' lang='lat' dir='ltr'>et</span> <span class='ocrx_word' id='word_1_186' title='bbox 1436 1079 1643 1116; x_wconf 83' lang='lat' dir='ltr'>vasculosam,</span> 
     </span>
     <span class='ocr_line' id='line_1_20' title="bbox 128 1121 1645 1167; baseline 0.007 -18"><span class='ocrx_word' id='word_1_187' title='bbox 128 1121 284 1157; x_wconf 79' lang='lat' dir='ltr'>ambasque</span> <span class='ocrx_word' id='word_1_188' title='bbox 307 1122 338 1150; x_wconf 88' lang='lat' dir='ltr'>in</span> <span class='ocrx_word' id='word_1_189' title='bbox 360 1123 524 1158; x_wconf 86' lang='lat' dir='ltr'>complures</span> <span class='ocrx_word' id='word_1_190' title='bbox 549 1122 626 1150; x_wconf 85' lang='lat' dir='ltr'>abire</span> <span class='ocrx_word' id='word_1_191' title='bbox 647 1123 779 1159; x_wconf 74' lang='lat' dir='ltr'>species:</span> <span class='ocrx_word' id='word_1_192' title='bbox 808 1124 965 1153; x_wconf 88' lang='lat' dir='ltr'>addendum</span> <span class='ocrx_word' id='word_1_193' title='bbox 991 1126 1147 1161; x_wconf 86' lang='lat' dir='ltr'>habemus,</span> <span class='ocrx_word' id='word_1_194' title='bbox 1178 1135 1209 1155; x_wconf 90' lang='lat' dir='ltr'>ut</span> <span class='ocrx_word' id='word_1_195' title='bbox 1229 1128 1389 1164; x_wconf 76' lang='lat' dir='ltr'>Bichatm,</span> <span class='ocrx_word' id='word_1_196' title='bbox 1421 1136 1480 1162; x_wconf 87' lang='lat' dir='ltr'>tum</span> <span class='ocrx_word' id='word_1_197' title='bbox 1513 1131 1645 1167; x_wconf 82' lang='lat' dir='ltr'>plurimis</span> 
     </span>
     <span class='ocr_line' id='line_1_21' title="bbox 129 1172 1647 1216; baseline 0.007 -16"><span class='ocrx_word' id='word_1_198' title='bbox 129 1172 197 1201; x_wconf 82' lang='lat' dir='ltr'>aliis</span> <span class='ocrx_word' id='word_1_199' title='bbox 220 1172 494 1209; x_wconf 81' lang='lat' dir='ltr'>observationibus,</span> <span class='ocrx_word' id='word_1_200' title='bbox 524 1179 584 1202; x_wconf 87' lang='lat' dir='ltr'>tum</span> <span class='ocrx_word' id='word_1_201' title='bbox 612 1173 694 1202; x_wconf 86' lang='lat' dir='ltr'>etiam</span> <span class='ocrx_word' id='word_1_202' title='bbox 716 1174 852 1203; x_wconf 85' lang='lat' dir='ltr'>chemicis</span> <span class='ocrx_word' id='word_1_203' title='bbox 876 1177 1096 1213; x_wconf 81' lang='lat' dir='ltr'>experimentis,</span> <span class='ocrx_word' id='word_1_204' title='bbox 1124 1179 1239 1214; x_wconf 90' lang='lat' dir='ltr'>docuit,</span> <span class='ocrx_word' id='word_1_205' title='bbox 1269 1180 1399 1216; x_wconf 84' lang='lat' dir='ltr'>singulas</span> <span class='ocrx_word' id='word_1_206' title='bbox 1425 1181 1536 1210; x_wconf 87' lang='lat' dir='ltr'>basium</span> <span class='ocrx_word' id='word_1_207' title='bbox 1559 1183 1647 1212; x_wconf 91' lang='lat' dir='ltr'>fabri-</span> 
     </span>
     <span class='ocr_line' id='line_1_22' title="bbox 131 1224 1646 1269; baseline 0.008 -18"><span class='ocrx_word' id='word_1_208' title='bbox 131 1232 180 1252; x_wconf 86' lang='lat' dir='ltr'>cae</span> <span class='ocrx_word' id='word_1_209' title='bbox 198 1224 329 1252; x_wconf 75' lang='lat' dir='ltr'>animalis</span> <span class='ocrx_word' id='word_1_210' title='bbox 356 1225 465 1260; x_wconf 79' lang='lat' dir='ltr'>species</span> <span class='ocrx_word' id='word_1_211' title='bbox 489 1225 653 1261; x_wconf 87' lang='lat' dir='ltr'>complures</span> <span class='ocrx_word' id='word_1_212' title='bbox 679 1225 810 1254; x_wconf 86' lang='lat' dir='ltr'>exhibere</span> <span class='ocrx_word' id='word_1_213' title='bbox 834 1227 1001 1264; x_wconf 86' lang='lat' dir='ltr'>varietates,</span> <span class='ocrx_word' id='word_1_214' title='bbox 1031 1229 1190 1265; x_wconf 87' lang='lat' dir='ltr'>harumque</span> <span class='ocrx_word' id='word_1_215' title='bbox 1218 1239 1252 1259; x_wconf 86' lang='lat' dir='ltr'>ex</span> <span class='ocrx_word' id='word_1_216' title='bbox 1277 1231 1391 1260; x_wconf 89' lang='lat' dir='ltr'>diverso</span> <span class='ocrx_word' id='word_1_217' title='bbox 1419 1241 1557 1269; x_wconf 86' lang='lat' dir='ltr'>numero,</span> <span class='ocrx_word' id='word_1_218' title='bbox 1587 1243 1646 1264; x_wconf 72' lang='lat' dir='ltr'>ma-v</span> 
     </span>
     <span class='ocr_line' id='line_1_23' title="bbox 127 1275 1644 1316; baseline 0.009 -14"><span class='ocrx_word' id='word_1_219' title='bbox 127 1275 298 1312; x_wconf 77' lang='lat' dir='ltr'>gnitudine,</span> <span class='ocrx_word' id='word_1_220' title='bbox 316 1284 480 1311; x_wconf 86' lang='lat' dir='ltr'>concursu,</span> <span class='ocrx_word' id='word_1_221' title='bbox 497 1276 652 1312; x_wconf 78' lang='lat' dir='ltr'>multiplici</span> <span class='ocrx_word' id='word_1_222' title='bbox 667 1279 855 1315; x_wconf 72' lang='lat' dir='ltr'>commercio,</span> <span class='ocrx_word' id='word_1_223' title='bbox 875 1280 1020 1316; x_wconf 87' lang='lat' dir='ltr'>proficisci</span> <span class='ocrx_word' id='word_1_224' title='bbox 1036 1290 1149 1311; x_wconf 86' lang='lat' dir='ltr'>omnem</span> <span class='ocrx_word' id='word_1_225' title='bbox 1166 1283 1330 1311; x_wconf 85' lang='lat' dir='ltr'>animalium</span> <span class='ocrx_word' id='word_1_226' title='bbox 1347 1283 1504 1314; x_wconf 83' lang='lat' dir='ltr'>formarum</span> <span class='ocrx_word' id='word_1_227' title='bbox 1522 1286 1644 1316; x_wconf 84' lang='lat' dir='ltr'>diversi·</span> 
     </span>
     <span class='ocr_line' id='line_1_24' title="bbox 127 1326 1645 1372; baseline 0.01 -20"><span class='ocrx_word' id='word_1_228' title='bbox 127 1330 231 1361; x_wconf 80' lang='lat' dir='ltr'>tatem3</span> <span class='ocrx_word' id='word_1_229' title='bbox 254 1326 292 1354; x_wconf 88' lang='lat' dir='ltr'>ita</span> <span class='ocrx_word' id='word_1_230' title='bbox 311 1327 394 1355; x_wconf 87' lang='lat' dir='ltr'>etiam</span> <span class='ocrx_word' id='word_1_231' title='bbox 419 1328 630 1355; x_wconf 82' lang='lat' dir='ltr'>demonstrasse</span> <span class='ocrx_word' id='word_1_232' title='bbox 647 1327 810 1357; x_wconf 86' lang='lat' dir='ltr'>innumeras</span> <span class='ocrx_word' id='word_1_233' title='bbox 836 1329 1070 1368; x_wconf 81' lang='lat' dir='ltr'>observationes,</span> <span class='ocrx_word' id='word_1_234' title='bbox 1099 1339 1127 1361; x_wconf 89' lang='lat' dir='ltr'>et</span> <span class='ocrx_word' id='word_1_235' title='bbox 1156 1334 1348 1370; x_wconf 80' lang='lat' dir='ltr'>experImenta</span> <span class='ocrx_word' id='word_1_236' title='bbox 1372 1336 1519 1372; x_wconf 86' lang='lat' dir='ltr'>chemica,</span> <span class='ocrx_word' id='word_1_237' title='bbox 1541 1337 1645 1366; x_wconf 65' lang='lat' dir='ltr'>Linkie</span> 
     </span>
     <span class='ocr_line' id='line_1_25' title="bbox 125 1372 1642 1423; baseline 0.009 -19"><span class='ocrx_word' id='word_1_238' title='bbox 125 1377 313 1414; x_wconf 75' lang='lat' dir='ltr'>praeprimis,</span> <span class='ocrx_word' id='word_1_239' title='bbox 335 1385 503 1407; x_wconf 87' lang='lat' dir='ltr'>memoratas</span> <span class='ocrx_word' id='word_1_240' title='bbox 532 1372 644 1408; x_wconf 70' lang='lat' dir='ltr'>basi&#39;um</span> <span class='ocrx_word' id='word_1_241' title='bbox 673 1380 874 1416; x_wconf 84' lang='lat' dir='ltr'>vegetabilium</span> <span class='ocrx_word' id='word_1_242' title='bbox 897 1383 1007 1419; x_wconf 88' lang='lat' dir='ltr'>species</span> <span class='ocrx_word' id='word_1_243' title='bbox 1034 1385 1174 1420; x_wconf 82' lang='lat' dir='ltr'>plurimas</span> <span class='ocrx_word' id='word_1_244' title='bbox 1201 1385 1302 1414; x_wconf 84' lang='lat' dir='ltr'>offerre</span> <span class='ocrx_word' id='word_1_245' title='bbox 1329 1386 1498 1423; x_wconf 87' lang='lat' dir='ltr'>varietates;</span> <span class='ocrx_word' id='word_1_246' title='bbox 1530 1388 1642 1418; x_wconf 85' lang='lat' dir='ltr'>differre</span> 
     </span>
     <span class='ocr_line' id='line_1_26' title="bbox 127 1428 1646 1474; baseline 0.008 -18"><span class='ocrx_word' id='word_1_247' title='bbox 127 1428 202 1457; x_wconf 86' lang='lat' dir='ltr'>enim</span> <span class='ocrx_word' id='word_1_248' title='bbox 225 1429 342 1457; x_wconf 83' lang='lat' dir='ltr'>cellulas</span> <span class='ocrx_word' id='word_1_249' title='bbox 364 1430 490 1466; x_wconf 86' lang='lat' dir='ltr'>ejusdem</span> <span class='ocrx_word' id='word_1_250' title='bbox 508 1429 637 1466; x_wconf 88' lang='lat' dir='ltr'>speciei,</span> <span class='ocrx_word' id='word_1_251' title='bbox 662 1439 722 1459; x_wconf 81' lang='lat' dir='ltr'>non</span> <span class='ocrx_word' id='word_1_252' title='bbox 744 1438 855 1460; x_wconf 86' lang='lat' dir='ltr'>tautum</span> <span class='ocrx_word' id='word_1_253' title='bbox 881 1432 911 1461; x_wconf 87' lang='lat' dir='ltr'>in</span> <span class='ocrx_word' id='word_1_254' title='bbox 939 1435 1080 1470; x_wconf 85' lang='lat' dir='ltr'>aquaticis</span> <span class='ocrx_word' id='word_1_255' title='bbox 1104 1442 1132 1464; x_wconf 89' lang='lat' dir='ltr'>et</span> <span class='ocrx_word' id='word_1_256' title='bbox 1153 1437 1335 1465; x_wconf 83' lang='lat' dir='ltr'>terrestribus</span> <span class='ocrx_word' id='word_1_257' title='bbox 1368 1438 1497 1474; x_wconf 85' lang='lat' dir='ltr'>plantis,</span> <span class='ocrx_word' id='word_1_258' title='bbox 1526 1440 1575 1467; x_wconf 90' lang='lat' dir='ltr'>sed</span> <span class='ocrx_word' id='word_1_259' title='bbox 1599 1440 1646 1469; x_wconf 85' lang='lat' dir='ltr'>vel</span> 
     </span>
     <span class='ocr_line' id='line_1_27' title="bbox 128 1479 1644 1523; baseline 0.008 -16"><span class='ocrx_word' id='word_1_260' title='bbox 128 1479 256 1519; x_wconf 84' lang='lat' dir='ltr'>diversas</span> <span class='ocrx_word' id='word_1_261' title='bbox 274 1488 336 1508; x_wconf 89' lang='lat' dir='ltr'>esse</span> <span class='ocrx_word' id='word_1_262' title='bbox 360 1480 390 1509; x_wconf 92' lang='lat' dir='ltr'>in</span> <span class='ocrx_word' id='word_1_263' title='bbox 414 1480 486 1517; x_wconf 90' lang='lat' dir='ltr'>ipsis</span> <span class='ocrx_word' id='word_1_264' title='bbox 508 1481 710 1523; x_wconf 79' lang='lat' dir='ltr'>terrestribus3</span> <span class='ocrx_word' id='word_1_265' title='bbox 732 1483 802 1511; x_wconf 85' lang='lat' dir='ltr'>alias</span> <span class='ocrx_word' id='word_1_266' title='bbox 826 1483 856 1511; x_wconf 92' lang='lat' dir='ltr'>in</span> <span class='ocrx_word' id='word_1_267' title='bbox 883 1486 1078 1521; x_wconf 83' lang='lat' dir='ltr'>succulentis,</span> <span class='ocrx_word' id='word_1_268' title='bbox 1108 1486 1138 1515; x_wconf 88' lang='lat' dir='ltr'>in</span> <span class='ocrx_word' id='word_1_269' title='bbox 1161 1487 1246 1516; x_wconf 77' lang='lat' dir='ltr'>aridis</span> <span class='ocrx_word' id='word_1_270' title='bbox 1275 1488 1362 1523; x_wconf 86' lang='lat' dir='ltr'>alias,</span> <span class='ocrx_word' id='word_1_271' title='bbox 1391 1489 1461 1517; x_wconf 90' lang='lat' dir='ltr'>alias</span> <span class='ocrx_word' id='word_1_272' title='bbox 1488 1489 1517 1518; x_wconf 90' lang='lat' dir='ltr'>in</span> <span class='ocrx_word' id='word_1_273' title='bbox 1539 1491 1644 1520; x_wconf 86' lang='lat' dir='ltr'>teneris</span> 
     </span>
     <span class='ocr_line' id='line_1_28' title="bbox 127 1531 1685 1578; baseline 0.008 -20"><span class='ocrx_word' id='word_1_274' title='bbox 127 1536 156 1559; x_wconf 84' lang='lat' dir='ltr'>et</span> <span class='ocrx_word' id='word_1_275' title='bbox 180 1531 298 1568; x_wconf 84' lang='lat' dir='ltr'>rigidis,</span> <span class='ocrx_word' id='word_1_276' title='bbox 320 1532 389 1560; x_wconf 86' lang='lat' dir='ltr'>alias</span> <span class='ocrx_word' id='word_1_277' title='bbox 409 1532 439 1560; x_wconf 91' lang='lat' dir='ltr'>in</span> <span class='ocrx_word' id='word_1_278' title='bbox 461 1533 538 1560; x_wconf 86' lang='lat' dir='ltr'>tarde</span> <span class='ocrx_word' id='word_1_279' title='bbox 558 1533 603 1561; x_wconf 88' lang='lat' dir='ltr'>vel</span> <span class='ocrx_word' id='word_1_280' title='bbox 625 1534 750 1562; x_wconf 83' lang='lat' dir='ltr'>celeriter</span> <span class='ocrx_word' id='word_1_281' title='bbox 774 1535 989 1572; x_wconf 71' lang='lat' dir='ltr'>crescentibt133</span> <span class='ocrx_word' id='word_1_282' title='bbox 1020 1537 1091 1564; x_wconf 86' lang='lat' dir='ltr'>hanc</span> <span class='ocrx_word' id='word_1_283' title='bbox 1113 1546 1232 1573; x_wconf 88' lang='lat' dir='ltr'>quoque</span> <span class='ocrx_word' id='word_1_284' title='bbox 1258 1547 1315 1567; x_wconf 88' lang='lat' dir='ltr'>rem</span> <span class='ocrx_word' id='word_1_285' title='bbox 1343 1548 1404 1568; x_wconf 87' lang='lat' dir='ltr'>esse</span> <span class='ocrx_word' id='word_1_286' title='bbox 1428 1547 1493 1568; x_wconf 88' lang='lat' dir='ltr'>cum</span> <span class='ocrx_word' id='word_1_287' title='bbox 1518 1542 1645 1578; x_wconf 68' lang='lat' dir='ltr'>reliquis=</span> <span class='ocrx_word' id='word_1_288' title='bbox 1680 1541 1685 1545; x_wconf 73' lang='grc'><em>”</em></span> 
     </span>
     <span class='ocr_line' id='line_1_29' title="bbox 124 1576 1636 1627; baseline 0.008 -17"><span class='ocrx_word' id='word_1_289' title='bbox 124 1582 259 1624; x_wconf 70' lang='lat' dir='ltr'>cellulosi</span> <span class='ocrx_word' id='word_1_290' title='bbox 282 1589 310 1611; x_wconf 85' lang='lat' dir='ltr'>et</span> <span class='ocrx_word' id='word_1_291' title='bbox 327 1583 474 1613; x_wconf 84' lang='lat' dir='ltr'>vasculosi</span> <span class='ocrx_word' id='word_1_292' title='bbox 492 1584 656 1620; x_wconf 78' lang='lat' dir='ltr'>systematis</span> <span class='ocrx_word' id='word_1_293' title='bbox 674 1585 846 1621; x_wconf 78' lang='lat' dir='ltr'>speciebus3</span> <span class='ocrx_word' id='word_1_294' title='bbox 870 1587 958 1622; x_wconf 92' lang='lat' dir='ltr'>hinc,</span> <span class='ocrx_word' id='word_1_295' title='bbox 986 1594 1074 1623; x_wconf 87' lang='lat' dir='ltr'>prout</span> <span class='ocrx_word' id='word_1_296' title='bbox 1097 1576 1292 1624; x_wconf 76' lang='lat' dir='ltr'>concurrant,</span> <span class='ocrx_word' id='word_1_297' title='bbox 1316 1590 1494 1627; x_wconf 87' lang='lat' dir='ltr'>jungantur,</span> <span class='ocrx_word' id='word_1_298' title='bbox 1516 1601 1636 1623; x_wconf 88' lang='lat' dir='ltr'>numero</span> 
     </span>
     <span class='ocr_line' id='line_1_30' title="bbox 126 1634 1643 1681; baseline 0.007 -19"><span class='ocrx_word' id='word_1_299' title='bbox 126 1640 176 1662; x_wconf 80' lang='lat' dir='ltr'>aut</span> <span class='ocrx_word' id='word_1_300' title='bbox 193 1634 388 1671; x_wconf 86' lang='lat' dir='ltr'>magnitudine</span> <span class='ocrx_word' id='word_1_301' title='bbox 412 1635 530 1670; x_wconf 83' lang='lat' dir='ltr'>ludant,</span> <span class='ocrx_word' id='word_1_302' title='bbox 551 1635 678 1664; x_wconf 86' lang='lat' dir='ltr'>diversas</span> <span class='ocrx_word' id='word_1_303' title='bbox 701 1637 878 1665; x_wconf 85' lang='lat' dir='ltr'>constituere</span> <span class='ocrx_word' id='word_1_304' title='bbox 899 1638 1057 1673; x_wconf 83' lang='lat' dir='ltr'>plantarum</span> <span class='ocrx_word' id='word_1_305' title='bbox 1082 1638 1202 1669; x_wconf 84' lang='lat' dir='ltr'>formas.</span> <span class='ocrx_word' id='word_1_306' title='bbox 1241 1641 1383 1669; x_wconf 87' lang='lat' dir='ltr'>Praeterea</span> <span class='ocrx_word' id='word_1_307' title='bbox 1399 1644 1554 1672; x_wconf 81' lang='lat' dir='ltr'>notandum</span> <span class='ocrx_word' id='word_1_308' title='bbox 1575 1650 1643 1681; x_wconf 73' lang='lat' dir='ltr'>est,¹</span> 
     </span>
     <span class='ocr_line' id='line_1_31' title="bbox 127 1684 1641 1727; baseline 0.007 -14"><span class='ocrx_word' id='word_1_309' title='bbox 127 1684 204 1714; x_wconf 86' lang='lat' dir='ltr'>sicut</span> <span class='ocrx_word' id='word_1_310' title='bbox 227 1686 326 1722; x_wconf 83' lang='lat' dir='ltr'>ingens</span> <span class='ocrx_word' id='word_1_311' title='bbox 346 1693 390 1714; x_wconf 87' lang='lat' dir='ltr'>est</span> <span class='ocrx_word' id='word_1_312' title='bbox 406 1686 561 1714; x_wconf 85' lang='lat' dir='ltr'>discrimen</span> <span class='ocrx_word' id='word_1_313' title='bbox 583 1686 656 1715; x_wconf 85' lang='lat' dir='ltr'>inter</span> <span class='ocrx_word' id='word_1_314' title='bbox 680 1693 835 1724; x_wconf 87' lang='lat' dir='ltr'>utrumque</span> <span class='ocrx_word' id='word_1_315' title='bbox 858 1688 1020 1717; x_wconf 85' lang='lat' dir='ltr'>animalium</span> <span class='ocrx_word' id='word_1_316' title='bbox 1045 1698 1150 1726; x_wconf 83' lang='lat' dir='ltr'>genus,</span> <span class='ocrx_word' id='word_1_317' title='bbox 1173 1696 1298 1727; x_wconf 86' lang='lat' dir='ltr'>quorum</span> <span class='ocrx_word' id='word_1_318' title='bbox 1322 1693 1440 1721; x_wconf 84' lang='lat' dir='ltr'>alterum</span> <span class='ocrx_word' id='word_1_319' title='bbox 1463 1701 1573 1724; x_wconf 87' lang='lat' dir='ltr'>tantum</span> <span class='ocrx_word' id='word_1_320' title='bbox 1596 1696 1641 1725; x_wconf 58' lang='lat' dir='ltr'>ina</span> 
     </span>
     <span class='ocr_line' id='line_1_32' title="bbox 125 1737 1640 1779; baseline 0.007 -14"><span class='ocrx_word' id='word_1_321' title='bbox 125 1743 267 1766; x_wconf 80' lang='lat' dir='ltr'>structum</span> <span class='ocrx_word' id='word_1_322' title='bbox 297 1744 340 1766; x_wconf 86' lang='lat' dir='ltr'>est</span> <span class='ocrx_word' id='word_1_323' title='bbox 374 1744 511 1773; x_wconf 82' lang='lat' dir='ltr'>apparatu</span> <span class='ocrx_word' id='word_1_324' title='bbox 545 1737 624 1766; x_wconf 86' lang='lat' dir='ltr'>nervi</span> <span class='ocrx_word' id='word_1_325' title='bbox 655 1739 809 1774; x_wconf 82' lang='lat' dir='ltr'>sympatici</span> <span class='ocrx_word' id='word_1_326' title='bbox 838 1741 956 1776; x_wconf 86' lang='lat' dir='ltr'>magni,</span> <span class='ocrx_word' id='word_1_327' title='bbox 989 1741 1107 1769; x_wconf 86' lang='lat' dir='ltr'>alterum</span> <span class='ocrx_word' id='word_1_328' title='bbox 1135 1748 1163 1770; x_wconf 89' lang='lat' dir='ltr'>et</span> <span class='ocrx_word' id='word_1_329' title='bbox 1190 1743 1246 1772; x_wconf 90' lang='lat' dir='ltr'>hoc</span> <span class='ocrx_word' id='word_1_330' title='bbox 1272 1744 1390 1779; x_wconf 76' lang='lat' dir='ltr'>eodem,</span> <span class='ocrx_word' id='word_1_331' title='bbox 1424 1745 1512 1774; x_wconf 86' lang='lat' dir='ltr'>simul</span> <span class='ocrx_word' id='word_1_332' title='bbox 1543 1754 1640 1777; x_wconf 53' lang='lat' dir='ltr'>autem*</span> 
     </span>
     <span class='ocr_line' id='line_1_33' title="bbox 124 1788 1641 1832; baseline 0.008 -16"><span class='ocrx_word' id='word_1_333' title='bbox 124 1788 183 1817; x_wconf 78' lang='lat' dir='ltr'>alio</span> <span class='ocrx_word' id='word_1_334' title='bbox 208 1796 359 1816; x_wconf 86' lang='lat' dir='ltr'>nervorum</span> <span class='ocrx_word' id='word_1_335' title='bbox 392 1795 528 1824; x_wconf 83' lang='lat' dir='ltr'>apparatu</span> <span class='ocrx_word' id='word_1_336' title='bbox 546 1809 557 1823; x_wconf 91' lang='lat'>,</span> <span class='ocrx_word' id='word_1_337' title='bbox 585 1789 619 1817; x_wconf 84' lang='lat' dir='ltr'>ad</span> <span class='ocrx_word' id='word_1_338' title='bbox 646 1791 797 1819; x_wconf 82' lang='lat' dir='ltr'>musculos</span> <span class='ocrx_word' id='word_1_339' title='bbox 834 1792 1013 1820; x_wconf 85' lang='lat' dir='ltr'>voluntarios</span> <span class='ocrx_word' id='word_1_340' title='bbox 1043 1800 1203 1828; x_wconf 88' lang='lat' dir='ltr'>sensusque</span> <span class='ocrx_word' id='word_1_341' title='bbox 1229 1795 1453 1832; x_wconf 66' lang='lat' dir='ltr'>pcrtinentitung,</span> <span class='ocrx_word' id='word_1_342' title='bbox 1484 1797 1523 1826; x_wconf 83' lang='lat' dir='ltr'>ita</span> <span class='ocrx_word' id='word_1_343' title='bbox 1552 1799 1641 1829; x_wconf 73' lang='lat' dir='ltr'>etiarm</span> 
     </span>
     <span class='ocr_line' id='line_1_34' title="bbox 122 1839 1635 1880; baseline 0.008 -13"><span class='ocrx_word' id='word_1_344' title='bbox 122 1846 292 1876; x_wconf 80' lang='lat' dir='ltr'>magnopere</span> <span class='ocrx_word' id='word_1_345' title='bbox 317 1839 475 1876; x_wconf 74' lang='lat' dir='ltr'>discrepare</span> <span class='ocrx_word' id='word_1_346' title='bbox 504 1846 660 1876; x_wconf 86' lang='lat' dir='ltr'>utrumque</span> <span class='ocrx_word' id='word_1_347' title='bbox 691 1842 852 1877; x_wconf 81' lang='lat' dir='ltr'>plantarum</span> <span class='ocrx_word' id='word_1_348' title='bbox 890 1851 1005 1880; x_wconf 81' lang='lat' dir='ltr'>genus,</span> <span class='ocrx_word' id='word_1_349' title='bbox 1035 1851 1158 1879; x_wconf 88' lang='lat' dir='ltr'>quorum</span> <span class='ocrx_word' id='word_1_350' title='bbox 1188 1847 1308 1876; x_wconf 88' lang='lat' dir='ltr'>alterum</span> <span class='ocrx_word' id='word_1_351' title='bbox 1343 1846 1496 1878; x_wconf 82' lang='lat' dir='ltr'>instruitur</span> <span class='ocrx_word' id='word_1_352' title='bbox 1526 1855 1635 1878; x_wconf 86' lang='lat' dir='ltr'>tantum</span> 
     </span>
    </p>
   </div>
   <div class='ocr_carea' id='block_1_4' title="bbox 1589 1910 1638 1938">
    <p class='ocr_par' dir='ltr' id='par_1_6' title="bbox 1589 1910 1638 1938">
     <span class='ocr_line' id='line_1_35' title="bbox 1589 1910 1638 1938; baseline 0 -8"><span class='ocrx_word' id='word_1_353' title='bbox 1589 1910 1638 1938; x_wconf 69' lang='lat' dir='ltr'>sy·</span> 
     </span>
    </p>
   </div>
   <div class='ocr_carea' id='block_1_5' title="bbox 151 1991 707 2020">
    <p class='ocr_par' dir='ltr' id='par_1_7' title="bbox 151 1991 707 2020">
     <span class='ocr_line' id='line_1_36' title="bbox 151 1991 707 2020; baseline 0.007 -9"><span class='ocrx_word' id='word_1_354' title='bbox 151 1992 219 2020; x_wconf 65' lang='grc' dir='ltr'>(ῃ)</span> <span class='ocrx_word' id='word_1_355' title='bbox 235 1991 347 2013; x_wconf 73' lang='lat' dir='ltr'>Turtam</span> <span class='ocrx_word' id='word_1_356' title='bbox 367 1993 383 2014; x_wconf 84' lang='grc'>1.</span> <span class='ocrx_word' id='word_1_357' title='bbox 400 1992 415 2014; x_wconf 79' lang='lat' dir='ltr'>t.</span> <span class='ocrx_word' id='word_1_358' title='bbox 437 1991 502 2015; x_wconf 81' lang='lat' dir='ltr'>Tom.</span> <span class='ocrx_word' id='word_1_359' title='bbox 514 1991 544 2014; x_wconf 84' lang='lat' dir='ltr'>u.</span> <span class='ocrx_word' id='word_1_360' title='bbox 566 1999 591 2020; x_wconf 86' lang='lat' dir='ltr'>p.</span> <span class='ocrx_word' id='word_1_361' title='bbox 603 1992 707 2019; x_wconf 77' lang='lat'><strong>8⁸-⁴³·</strong></span> 
     </span>
    </p>
   </div>
  </div>
 </body>
</html>
