1913 2427
476 164 1289 206 Diss'ERTAT1‘0·ME01'cA.
1594 185 1636 219 '¹7

127 259 307 295 'reducendo3
329 259 368 288 ita
388 265 421 288 ut
441 260 505 290 hoc*
518 265 650 297 respectu
670 259 764 289 omnis
787 259 923 288 formatae
945 260 1131 289 iudicationis
1153 261 1226 290 idem
1249 260 1287 289 sit
1300 276 1303 284 ›
1316 266 1442 295 scopus,
1471 265 1555 296 atque
1577 261 1638 290 fieti

128 319 188 341 non
200 310 314 347 possit,
340 310 428 347 quin,
458 312 483 341 si
501 312 550 341 uni
567 311 734 340 indicationi
756 307 932 346 satisfacias,
959 310 1047 339 sImul
1071 313 1115 340 vel
1139 313 1257 348 plures,
1280 311 1326 345 vel
1350 318 1447 339 omnes
1470 312 1558 346 adeo,
1581 312 1632 341 ob-

125 369 224 391 serves
249 368 277 390 et
307 361 495 399 obtemperes.
536 362 668 398 Exempli
691 362 757 390 loco
783 369 929 390 sumamus
954 362 1097 390 hominem
1130 362 1302 391 laborantem
1327 361 1479 398 pleuritide
1505 363 1636 391 sthenica

126 420 195 441 cum
217 412 294 449 tussi
315 413 497 448 vehemente,
522 413 661 442 indicatio
680 412 780 443 vitalis
803 420 880 440 nunc
895 412 977 440 vitaer
986 413 1252 448 conservationem,
1272 412 1492 451 prophylactica
1512 422 1637 449 praeser-

124 463 269 491 vationem
298 472 314 491 a
337 464 545 500 suppuratione
571 465 618 492 vel
649 470 820 500 gangraena3
849 463 1055 500 therapeutica·
1082 464 1175 499 primo
1205 464 1374 493 ablationem
1395 472 1513 499 causae,
1536 473 1637 493 secun-

125 513 165 542 do
194 513 364 543 ablationem
386 515 480 550 ipsius
502 515 612 551 morbi3
643 515 859 553 symptomatica
882 515 993 543 tandem
1016 514 1185 543 ablationem
1210 515 1255 543 vel
1281 514 1486 550 mitigationem
1508 522 1638 551 sympto-

123 564 229 599 matis,
250 565 270 592 i.
292 573 318 593 e.
336 566 443 601 tussis,
467 572 575 595 monet.
615 566 714 594 His'cev
728 565 862 594 omnibus
880 573 956 593 nunc
979 564 1083 593 satisfit
1104 565 1377 599 eadem=<method05
1400 566 1496 593 eodem
1517 566 1636 594 medica—

123 623 241 651 mento,
263 618 530 646 venaesectionibus
550 624 578 646 et
601 617 708 646 salibus
735 615 865 650 neutris;
890 615 933 643 sie
953 616 1025 644 enim
1048 615 1210 651 sanguinem
1231 616 1393 644 evacuando
1416 622 1445 643 et
1463 616 1524 652 ejus
1550 617 1644 652 phio-⁷

123 668 212 704 gosin
229 668 383 697 minuendo
399 670 469 698 -vita
492 674 695 703 conservatum
718 673 853 700 cavetur,
875 673 910 694 ne
932 665 1023 694 nimio
1049 667 1199 703 sanguinis
1215 673 1294 694 aestu
1315 675 1489 702 gang-raam
1511 666 1635 702 oriatur}

123 727 212 747 causa
234 719 326 748 morbi
349 719 478 755 proxima
496 719 620 756 (nempe
643 725 727 747 aucta
750 717 871 747 stimulo
902 716 1077 746 irritabilitas
1103 723 1131 744 et
1152 716 1299 753 sanguinis
1326 715 1498 753 congestio)
1527 723 1553 744 et
1576 717 1641 753 ipse

124 769 241 799 morbus
256 770 489 807 (inflammatio)
504 771 666 806 tolluntur;
688 769 778 798 tussis
794 778 827 798 ex
847 770 964 797 stimulo
981 769 1059 797 nimii
1079 769 1226 805 sanguinis
1242 769 1272 797 in
1289 770 1462 805 pulmones,
1485 769 1638 798 inflamma-

124 821 205 849 tione
228 821 441 857 sensibiliores,
468 821 596 850 aufertur
620 823 664 850 vel
686 821 842 857 mitigatur.
883 820 1054 856 Saepissime
1075 828 1192 855 quoque
1223 820 1353 859 obtinet,
1383 827 1433 854 ut,
1459 819 1638 849 satisfacien-

123 877 170 899 tes
188 871 356 900 indicationi
373 873 609 909 symptomaticae
622 874 719 902 eodem
735 879 864 909 tempore
876 870 1098 906 therapeuticam
1112 871 1286 906 repleamus,
1307 879 1396 907 quum
1409 879 1491 906 saepe
1508 877 1638 908 sympto-

121 928 197 950 mata
217 922 247 950 vi
270 923 363 951 morbi
383 923 541 958 producta,
566 933 594 953 v.
613 932 641 960 g.
666 923 792 952 vomitus
813 922 844 949 in
863 921 1009 957 gastritide
1023 942 1033 955 ,
1059 928 1130 950 caet.
1154 922 1246 950 morbi
1272 921 1329 949 vim
1353 927 1483 958 augeant.
1532 922 1637 958 Neque

124 973 333 1009 omittendum,
361 963 547 1003 indicationes
568 973 675 1009 vitales*
696 973 860 1010 saepissime
890 980 955 1000 cum
983 972 1118 1001 curativis
1149 973 1297 1001 maximam
1327 972 1429 1001 habere
1454 973 1636 1010 relationcm;

120 1023 266 1059 siquidem
290 1024 320 1053 in
341 1025 440 1054 multis
470 1026 578 1054 morbis
606 1026 691 1054 cardo
721 1025 812 1053 totius
845 1022 1002 1052 sanationis
1034 1029 1162 1052 versetur
1184 1024 1214 1051 in
1238 1022 1348 1051 viribus
1377 1023 1416 1052 ita
1447 1025 1577 1060 regendis
1604 1035 1638 1054 ac

119 1075 323 1112 moderandis,
344 1083 377 1105 ut
395 1086 476 1114 pares
494 1077 553 1106 sint
575 1077 677 1107 morbo
693 1076 853 1111 vincendo;
875 1074 916 1102 sic
941 1074 969 1102 in
992 1074 1070 1102 febre
1088 1075 1233 1103 asthenica
1261 1083 1325 1111 ope
1341 1075 1457 1103 corticis
1484 1075 1636 1111 peruviani

122 1124 212 1153 simul
225 1125 344 1162 utrique
359 1128 426 1156 huic
450 1128 618 1158 indicationi
639 1127 852 1162 satisfacimus,
879 1124 1085 1162 prospiciendo
1105 1125 1240 1155 nimirum
1263 1125 1374 1155 viribus
1398 1127 1568 1162 prostratis,
1590 1136 1637 1157 eo-

121 1175 244 1211 demque
266 1183 393 1214 tempore
415 1179 508 1215 ipsam
528 1180 631 1218 febrim
656 1180 794 1209 curando.

131 1241 135 1245 ·
158 1227 266 1257 Mutua
293 1236 386 1259 tamen
417 1230 486 1260 haec
510 1232 609 1261 relatio
640 1241 699 1261 non
731 1239 842 1268 semper
866 1231 1000 1266 obtinet,
1029 1239 1118 1267 quum
1145 1238 1172 1260 et
1203 1239 1412 1268 nonnunquam
1441 1234 1636 1270 repugnantia

123 1280 259 1315 quaedam
285 1281 491 1311 indicationum
517 1284 613 1312 locum
641 1284 762 1319 habeat,
789 1291 861 1319 qua,
889 1291 1027 1319 quaenam
1055 1284 1182 1320 eligenda
1206 1284 1245 1312 sit
1276 1284 1432 1318 indicatio,
1460 1293 1542 1320 saepe
1570 1285 1642 1313 diffi-

120 1329 260 1358 cillimum
289 1332 420 1368 judicatu
453 1335 589 1362 redditur.
636 1334 712 1361 Hinc
735 1340 805 1368 est,
836 1334 915 1367 quod
946 1334 1081 1362 indicatio
1106 1333 1222 1369 vitalis,
1252 1342 1323 1369 quae
1347 1333 1483 1370 dignitate
1504 1335 1642 1364 omnibus

117 1380 184 1409 aliis
206 1383 369 1418 antecellit,
395 1392 455 1412 non
482 1392 593 1420 semper
624 1390 717 1412 tamen
745 1384 921 1420 praevaleat,
951 1391 1049 1412 verum
1082 1384 1164 1411 etiam
1194 1385 1335 1412 interdum
1365 1384 1447 1420 prius
1472 1385 1642 1414 indication?

119 1431 217 1460 minus
237 1432 338 1469 dignae
359 1433 397 1462 sit
429 1435 680 1470 satisfaciendum,
711 1444 796 1470 quam
817 1435 931 1463 vitalem
945 1454 955 1469 ,
983 1434 1049 1462 licet
1070 1433 1164 1468 adsit,
1191 1434 1274 1469 sequi
1297 1435 1459 1463 audeamus.
1505 1436 1538 1464 In
1561 1436 1640 1465 febre

121 1482 256 1519 putrida,
284 1493 314 1512 v.
342 1493 369 1513 c.
401 1494 466 1514 cum
493 1486 608 1514 materie
627 1486 785 1519 saburrali,
817 1485 953 1513 indicatio
974 1484 1090 1518 vitalis,
1121 1491 1193 1518 quae
1208 1490 1252 1512 est
1272 1484 1404 1520 dignior,
1429 1485 1512 1513 docet
1533 1487 1638 1515 virium

119 1535 356 1563 restaurationem
377 1544 432 1571 ope
456 1537 665 1564 stimulantium
685 1542 712 1564 et
735 1535 952 1570 roborantium,
981 1541 1010 1562 et
1031 1542 1118 1562 usum
1151 1535 1349 1563 evacuantium
1374 1536 1546 1572 proscribit,
1567 1537 1641 1566 indi-

121 1583 198 1612 catio
226 1592 293 1613 vero
323 1586 516 1622 therapeutica
543 1590 666 1622 causae,
695 1587 715 1614 i.
743 1595 768 1614 e.
798 1587 958 1621 saburrae,
983 1584 1152 1613 ablationem
1183 1585 1314 1621 indicam
1344 1586 1411 1614 huic
1442 1594 1556 1623 autem,
1583 1589 1641 1617 nisi

118 1635 202 1663 valde
230 1642 327 1672 urgeat
357 1636 492 1667 indicatio
514 1639 630 1674 vitalis,
660 1638 754 1674 primo
783 1644 826 1665 est
850 1635 1102 1671 satisfaciendum3
1133 1637 1183 1665 sed
1207 1637 1254 1665 hle
1275 1638 1452 1672 notandum,
1474 1646 1525 1674 per
1545 1639 1639 1675 ipsam

116 1684 193 1714 hanc
214 1688 449 1724 evacuationem,
471 1698 543 1725 quae
566 1690 679 1718 videtur
702 1688 873 1722 debilitans,
904 1688 980 1723 ipsas
1006 1687 1081 1715 vires
1103 1687 1258 1723 aliquando
1282 1689 1392 1725 egregie
1413 1689 1584 1725 refocillari;
1614 1691 1641 1718 si

119 1742 221 1772 nempe
245 1743 325 1765 antea
354 1738 417 1774 ipsa
438 1742 525 1768 causa
549 1739 699 1768 morbifica
723 1745 877 1775 oppressae
901 1737 975 1772 sint,
1001 1744 1027 1765 et
1047 1736 1114 1765 hinc
1144 1743 1214 1766 tunc
1240 1738 1328 1767 simul
1359 1739 1527 1768 indicationi
1552 1741 1640 1770 vitali

120 1780 271 1824 satisfieri3
302 1790 377 1818 unde
401 1783 493 1819 videre
515 1785 559 1819 cs't
584 1791 613 1819 in
635 1790 735 1819 morbo
759 1789 884 1826 eJ'usdem
907 1787 1016 1823 generis
1036 1793 1123 1822 atque
1152 1788 1257 1816 indolis
1283 1788 1511 1818 citcumstautias
1536 1797 1638 1818 occur-

122 1844 182 1866 rere
207 1847 314 1876 posse,
336 1849 409 1877 quae
432 1851 508 1872 nunc
533 1843 608 1872 vitae
631 1841 896 1876 conservationem,
925 1846 1002 1868 nunc
1026 1846 1128 1866 causae
1155 1839 1345 1875 ablationem,
1371 1840 1453 1869 ctiam
1477 1849 1549 1876 quae
1572 1848 1639 1869 cum

117 1888 251 1918 ulteriori
264 1890 367 1920 virium
389 1894 581 1929 prostratione
602 1895 756 1932 conjuncta
779 1893 835 1928 sit,
858 1898 890 1919 ut
914 1889 1074 1927 primariam
1093 1890 1255 1926 actionem,
1282 1891 1417 1921 indict-nt.

158 1938 205 1968 Ex
227 1940 277 1969 hac
301 1944 486 1979 repugnanda
513 1951 603 1973 autem
625 1945 680 1980 fit,
709 1949 819 1972 utnon
846 1947 956 1972 tantum
986 1940 1087 1968 electio
1118 1940 1326 1970 indicationum
1357 1951 1439 1979 saepe
1472 1943 1638 1972 difficultate

115 1988 244 2030 laboret,
267 1993 361 2034 sedsst
378 1998 585 2034 nonnunquam
605 1990 1035 2034 ipsa¹formatio-iudicationis
1057 1991 1141 2028 plane
1163 1991 1221 2024 sete
1241 1993 1429 2033 impediatur,
1460 2003 1547 2031 quum
1570 1994 1642 2040 illa,

132 2056 135 2059 ⁴
931 2042 957 2073 C
1567 2051 1641 2081 quae
