1913 2427
307 127 410 172 ς,
714 121 1372 160 PROGRAMMA.
1749 145 1757 161 s

313 238 426 282 possit,
451 237 571 270 animos
597 245 659 269 esse
686 234 909 268 immortales?
941 234 1034 278 Quod
1062 235 1090 267 si
1118 235 1196 278 fieri
1212 236 1332 279 possit,
1364 242 1461 277 porro
1492 235 1681 279 quaeritur,
1718 245 1776 270 cur

315 301 409 333 ntulti
445 300 621 332 Gentilium
657 298 783 332 incerta
813 299 918 340 potius
952 305 1003 341 spe
1018 321 1029 337 ,
1065 307 1161 340 quam
1190 296 1291 340 firma
1328 297 1432 329 animi
1467 299 1671 340 persuasione
1706 300 1780 332 nixi

306 361 410 404 fuisse
435 362 636 396 videantur?

1022 443 1078 480 2³³.

360 562 554 605 Explicetur
583 559 671 593 ratio
707 559 828 592 mutati
840 577 842 582 ·
859 558 1077 594 Hebraeorum
1113 560 1234 603 ingenii
1263 567 1335 602 post
1368 560 1513 592 reditum>
1539 570 1556 592 e
1584 558 1772 602 captivitate

318 622 530 667 Babylonica,
552 632 583 656 et
595 623 794 667 praecipuae
818 620 914 663 hujus
931 623 1116 655 mutationis
1148 631 1264 654 causae
1291 622 1482 656 indicentur.

477 758 585 790 ORD
596 758 626 790 Ο
655 758 693 790 Μ
702 758 730 789 Ε
738 757 769 788 D
780 757 796 788 I
805 757 831 788 C
841 756 873 788 O
883 757 912 789 R
920 757 953 788 U
961 758 999 789 M
1028 760 1178 800 proponit
1204 768 1383 800 sequentem
1408 759 1640 800 quaestionem:

364 871 547 914 Quaeritur
572 870 804 903 sententiarum
817 892 828 909 ‚
855 880 938 912 quae
955 870 1176 910 Anatomicis,
1201 879 1269 903 tam
1288 870 1545 912 antiquioribus,
1566 878 1662 911 quam
1683 875 1790 903 recen-

323 933 473 972 tioribus,
493 934 531 965 de
550 935 762 967 Arteriarum
781 941 949 967 structura
972 933 1125 973 fuerunt,
1144 932 1295 965 Historia
1311 934 1455 972 Critica;
1472 939 1570 974 porro
1582 932 1791 976 Pathologica

321 995 516 1033 morborum,
549 997 605 1037 qui
641 996 753 1028 iisdem
788 995 951 1032 accidunt,
975 995 1169 1036 explicatio,
1193 995 1227 1026 in
1252 995 1420 1036 penitiore*
1434 1001 1618 1026 structurae
1646 994 1796 1036 cognitio·

325 1066 363 1088 ne
386 1054 555 1098 fundata.-
588 1058 719 1099 denique
742 1057 837 1098 hujus
871 1056 1004 1088 notitiae
1033 1066 1126 1095 usus,
1157 1066 1226 1089 cum
1251 1056 1285 1088 in
1309 1055 1462 1088 curandis
1485 1054 1550 1087 illis
1574 1055 1705 1096 morbis,
1726 1062 1795 1088 tum

325 1117 362 1149 in
394 1118 550 1151 nonnullis
572 1118 802 1162 operationibus
829 1118 1046 1162 Chirurgicis.

639 1253 795 1286 ORDO
845 1255 1170 1288 JURIS-CON‘S
1183 1254 1483 1287 ULTORUM:

371 1367 568 1411 Exponit-tur
593 1368 631 1400 de
661 1378 711 1407 eo,
743 1367 826 1410 quod
849 1367 912 1411 Jus
940 1370 1108 1402 Publicum
1130 1377 1162 1402 et
1181 1368 1362 1402 Prudentia
1382 1367 1495 1400 Civilis
1506 1366 1734 1409 praecipiant,
1754 1369 1796 1400 de

324 1429 510 1472 recipiendis
534 1433 656 1465 exteris
683 1431 831 1470 advenis,
861 1439 892 1464 et
910 1439 1111 1471 exterorum,
1133 1433 1167 1464 in
1196 1432 1335 1464 civitate
1366 1431 1646 1470 commorantium,
1663 1430 1754 1472 jure·

735 1563 892 1595 ORDO
938 1561 1394 1595 THEOLOGORUM:

372 1674 423 1705 De
456 1673 684 1717 Athenagorae
715 1676 786 1707 vita
812 1684 843 1707 et
866 1676 994 1717 scriptis
1025 1682 1205 1717 exponatur
1222 1699 1233 1711 ,
1273 1683 1369 1716 atque
1404 1672 1438 1703 in
1462 1671 1529 1713 ejus
1552 1671 1728 1704 doctrinam
1754 1671 1792 1702 de

327 1733 503 1777 Religionis
522 1735 730 1769 Christianae
745 1737 934 1782 Capitibus,
980 1747 1062 1780 quae
1090 1738 1226 1780 attigit,
1257 1736 1459 1778 inquiratur.

1711 1979 1792 2013 OR-
