1913 2427
222 128 253 177 6‘
602 134 892 170 PETRI
979 132 1357 169 CAMPER

237 252 256 269 „
277 227 416 268 poetas.’'
457 226 614 257 Doctrinae
638 224 712 254 enim
735 230 763 253 et
792 222 961 253 eruditionis
986 223 1154 258 commoda,
1183 231 1233 259 per
1257 222 1402 259 angustias
1431 222 1470 251 rei
1494 222 1660 260 familiaris,
1691 224 1749 262 ipsi

235 282 331 312 minus
353 281 529 318 obtigerunt.
568 277 619 312 Id,
641 285 676 308 ea
690 275 851 313 praesertim
876 280 983 309 aetate,
1005 282 1061 309 qua
1082 283 1141 303 non
1159 274 1445 307 admodum‘Literae
1466 274 1589 311 Nostrae
1612 277 1740 305 excultae

234 334 374 370 fuerant,
400 331 575 362 efformando
609 328 705 358 eximii
732 325 921 356 adolescentis
956 325 1096 362 ingenio,
1128 325 1251 354 multum
1283 325 1443 355 detrimenti
1471 326 1584 356 adtulit.
1634 348 1653 363 ,‚
1673 329 1748 356 Ade-

241 405 261 423 „
283 392 325 413 rat
346 385 409 422 (5)
429 383 574 420 poeticum
599 372 766 417 ingenium,
787 372 899 407 deerant
922 378 1015 407 omnia
1028 399 1038 413 ,
1065 387 1137 413 quae
1154 378 1304 407 formando
1322 384 1349 406 et
1369 377 1524 407 excolendo
1549 378 1664 415 ingenio
1684 387 1747 415 per·
1911 363 1913 414 J

239 455 261 474 ,,
280 435 436 465 necessaria
460 434 560 462 merito
583 432 740 461 habentur:
770 438 934 460 sermonum
955 436 1081 459 veterum
1103 429 1252 466 cognitio,
1280 429 1403 458 facultas
1424 428 1546 458 Latinos
1571 435 1598 458 et
1621 429 1748 461 Graecos

239 507 260 524 „
279 486 411 524 legendi,
445 494 481 514 ex
503 485 599 514 divina
619 484 734 513 illorum
758 482 841 519 poesi
859 481 941 510 mella
967 480 1022 509 sibi
1043 481 1258 517 conquirendi3
1288 478 1380 508 deerat
1407 480 1501 509 omnis
1528 481 1575 509 illa
1602 481 1750 518 doctrina,

240 559 260 575 ‚‚
279 548 335 577 qua
359 547 405 568 ars
435 538 549 576 poetica
567 559 577 574 ,
604 537 633 566 in
657 535 865 566 sollertissimis
889 534 1010 571 ingeniis
1027 555 1037 569 ‚
1067 540 1147 563 tanto
1182 540 1267 569 opere
1292 531 1439 568 indiget.”
1485 532 1552 561 Sola
1580 533 1751 562 eruditionis

238 591 321 628 origo
344 597 371 620 et
395 589 462 619 fons
483 596 562 619 erant
587 597 694 625 opera,
721 596 751 617 ea
772 589 830 625 jam
853 592 961 620 aetate,
989 594 1005 613 a
1027 583 1199 621 poetastris,
1227 589 1329 612 nostro
1349 590 1478 611 sermone
1499 583 1632 612 conflata.
1671 583 1752 622 Quid

237 641 335 677 itaque
352 648 395 670 est
416 641 496 677 quod
517 641 667 675 miremur,
687 639 778 675 prima
797 637 929 667 Vondelii
953 635 1092 672 poematia
1112 636 1126 670 (
1134 640 1166 662 ut
1189 633 1243 662 fert
1266 634 1479 662 adolescentum
1506 634 1676 672 ingenium)
1704 637 1750 665 vel

237 692 355 728 nimiis,
375 692 422 721 vel
441 692 532 721 nullis
545 712 558 728 ,
574 691 747 720 ornamentis
767 689 901 726 insignita
922 686 1035 715 fuisse}>
1057 685 1164 726 meritis
1185 684 1258 713 enim
1280 685 1360 713 rudia
1377 684 1431 713 ista
1445 691 1472 713 et
1487 684 1613 714 incomta
1629 685 1751 722 primor-

236 745 282 773 dia
301 752 360 773 non
381 744 465 781 plane
482 743 573 772 fuisse
594 744 752 778 destituta,
772 733 817 770 v'ir
841 748 974 769 summus
992 736 1125 775 Hooftius
1145 742 1266 765 testatur
1287 736 1359 774 (6).
1696 729 1698 731 ’

468 839 487 856 ,,
507 819 554 848 En
574 819 694 855 Koster‚
715 818 877 853 Vondelen,
900 817 1023 845 Breeroo
1042 823 1077 843 en
1098 814 1256 851 Victoryn‚

464 891 483 907 ‚‚
503 871 560 900 Die
579 879 620 899 nu
639 871 666 898 al
685 877 793 899 toonen
813 875 871 897 wat
891 868 918 898 z'
940 868 1144 897 him-rnamels
1165 866 1261 895 zullen
1281 863 1385 902 zyn.”-

272 948 362 986 Quod
379 947 576 977 testimonium
602 947 628 976 si
647 955 723 975 anno
741 955 808 975 mne
834 942 931 976 datum
953 953 1016 975 esse
1042 949 1232 981 reputemus,
1260 940 1370 978 patebit
1390 942 1448 978 jam
1476 948 1552 970 anno
1573 941 1672 971 aetatis
1702 942 1753 972 de·

228 998 310 1028 'eimo
330 997 416 1028 tertio
439 997 602 1027 innotuisse
625 997 807 1026 Vondelium.

950 1087 980 1124 §-
1013 1090 1051 1122 3.

752 1164 801 1193 De
821 1166 919 1203 primo
941 1163 1058 1200 tragico
1079 1161 1238 1201 specimine.

269 1254 416 1284 Decennio
437 1260 524 1291 post,
545 1251 745 1284 annoaetatis
769 1254 909 1292 vigesimo
931 1252 1034 1288 tertio,
1064 1257 1179 1279 uxorem
1204 1248 1287 1278 duxit
1316 1249 1452 1278 Martum
1485 1247 1636 1284 Wolfiam‚
1663 1249 1749 1287 cuius

232 1313 332 1344 pater,
362 1306 497 1335 Coloniae
524 1312 629 1342 natus,
658 1306 832 1334 ornamentis
863 1305 961 1333 sericis
985 1302 1157 1336 vendendis,
1186 1301 1272 1329 vitam
1301 1309 1365 1329 cum
1390 1302 1471 1329 lucro
1492 1300 1600 1337 agebat.
1640 1299 1751 1329 Nost&

232 1366 320 1392 vero,
348 1364 506 1386 mercatura
528 1356 647 1393 conjugi
673 1356 792 1391 relicta,
812 1355 891 1392 poesi
915 1363 978 1383 sese
1000 1361 1093 1384 totum
1119 1352 1249 1387 tradidit,
1278 1358 1324 1387 et,
1347 1351 1463 1380 biennio
1484 1351 1602 1387 elapso,
1623 1351 1748 1388 primum

231 1408 321 1437 edidit
334 1408 488 1445 Tragicum
503 1407 670 1443 specimen,
692 1407 854 1442 pascham,
879 1414 1018 1441 numero,
1039 1403 1179 1433 sermonis
1191 1402 1327 1439 elegantia
1340 1407 1367 1430 et
1387 1401 1621 1438 enthymematis,
1646 1402 1751 1439 priori—

236 1458 292 1487 bus
314 1459 466 1495 opusculis
487 1459 668 1496 praecellens.
708 1458 742 1488 Id
763 1457 792 1486 in
812 1457 973 1485 Brabatm‘o
993 1456 1079 1485 Cocta
1104 1454 1222 1492 publice
1244 1454 1302 1482 fuit
1321 1459 1429 1481 actum.

274 1509 409 1538 Ceterum
431 1510 535 1540 haecce
554 1509 718 1549 tragoedia,
743 1508 842 1537 multis
866 1507 989 1536 rudioris
1013 1506 1120 1544 ingenii
1140 1513 1167 1535 et
1189 1504 1346 1541 imperitiae
1373 1503 1494 1533 maculis
1521 1502 1653 1540 foedata,
1682 1513 1749 1534 cum

235 1560 495 1597 luculentissimis,
526 1560 702 1597 provectiori
728 1566 817 1588 aetate
838 1558 942 1594 editis,
972 1559 1075 1587 Nostri
1098 1556 1250 1594 tragoediis
1273 1555 1434 1593 (Lucifero
1461 1564 1487 1583 e.
1510 1563 1539 1591 g.
1562 1562 1590 1583 et
1615 1555 1754 1592 Gyiberto

238 1611 422 1650 Amstelio),
449 1612 565 1641 minime
587 1611 646 1648 pari
669 1617 788 1640 numero
804 1616 899 1646 potest
917 1610 1031 1644 haberi,
1057 1618 1072 1638 a
1094 1610 1311 1646 quibuslaeque
1330 1607 1438 1641 distat,
1462 1615 1494 1635 ac
1515 1605 1637 1642 primum
1662 1607 1754 1636 tirun-

239 1663 297 1692 culi
321 1662 443 1701 alicujus
468 1664 498 1693 in
518 1663 624 1692 Literis
646 1662 811 1692 exercitium
833 1670 849 1690 a
870 1661 1036 1697 peritissimi
1057 1660 1251 1697 praeceptoris
1276 1657 1509 1687 celebratissimis
1530 1657 1679 1694 operibus-

281 1714 376 1751 Cujus
399 1712 438 1742 rei
463 1714 493 1743 in
514 1714 587 1751 ipsis
604 1713 782 1751 temporibus
799 1721 900 1741 caussa
921 1712 1077 1748 quaerenda
1102 1712 1225 1740 videtur.
1265 1710 1378 1747 Nempe
1398 1709 1428 1738 in
1450 1709 1514 1746 ipsa
1532 1708 1667 1738 Vondelli
1684 1716 1758 1739 aeta·
1778 1716 1781 1717 ⁷

242 1770 290 1799 te,
311 1771 338 1793 et
360 1766 459 1801 paullo
478 1772 578 1801 antea,
605 1772 638 1794 ut
660 1765 690 1794 in
711 1764 855 1800 plerisque
876 1764 1014 1802 Europae
1038 1763 1192 1800 gentihus,
1222 1762 1261 1791 ita
1284 1762 1361 1798 apud
1387 1767 1544 1796 nostrates,
1572 1769 1637 1789 cum
1662 1762 1756 1792 omnio

243 1824 388 1853 poeseos,
417 1822 477 1845 tum
510 1817 642 1854 inprimis
669 1816 803 1845 scenicae
830 1822 857 1844 et
881 1815 1020 1857 Tragicae
1046 1814 1219 1844 incunabula
1235 1834 1246 1850 ,
1279 1813 1375 1841 rudem
1410 1811 1551 1841 inscitiam
1582 1813 1758 1846 redolebant,

1695 1865 1762 1895 Pra-

276 1948 329 1978 (⁵)
344 1949 433 1972 Brandt.
450 1951 465 1972 1.
481 1951 517 1972 m.
534 1956 556 1977 p.
573 1955 607 1972 n.
904 1969 912 1986 ,κ

273 1991 324 2018 (⁶)
343 1993 383 2020 Ep.
398 1999 411 2014 a
426 1992 526 2013 Brut-dno
541 1992 622 2017 timu,
638 1998 678 2012 aun
692 1991 715 2013 da
732 1992 809 2013 Kamer
823 1992 845 2012 1η
860 1991 931 2018 Linsde
949 1989 1060 2015 mnijmdo
1074 1989 1142 2016 (vita
1156 1988 1221 2010 μου.
1238 1994 1259 2015 p.
1278 1993 1310 2009 ιι
1320 1986 1334 2015 )
