1913 2427
297 133 318 165 6
530 135 564 166 F.
609 140 707 164 vax«
752 122 1541 164 oanREGGENeonn.‚1·-11..

301 224 479 270 praedicem
501 223 662 257 laboribus
690 230 784 267 atque
804 221 930 265 scriptis
952 220 1116 260 virorum,
1145 217 1309 257 doctrina,
1341 217 1490 256 honore,
1515 227 1553 250 ao
1581 217 1714 257 nornine
1738 216 1778 251 il-

304 282 590 320 lustrissimorum,
613 280 671 324 qui
697 280 731 311 in
758 279 820 310 hoc
845 278 982 310 civitatis
1005 275 1323 310 Amstelaedamensis
1348 276 1511 307 Athenaeo
1547 275 1673 307 summa
1698 285 1776 308 eum

303 337 399 370 laude
425 337 604 370 floruerunt
625 343 719 379 atque
744 334 928 367 adhucdum
958 334 1069 377 vigent
1095 343 1266 370 nonmr,
1295 341 1516 370 vnomxu,
1540 341 1776 364 nmnwsnn-

307 405 393 433 ττιῐς
422 405 489 426 non
520 399 703 436 arroganter
735 398 842 423 tamen
881 391 924 422 ita
953 389 994 422 de
1027 400 1079 421 me
1108 389 1177 432 ipse
1212 387 1340 424 sentio.
1373 387 1455 430 quin
1489 392 1522 418 et
1553 393 1668 419 cuncta
1696 387 1776 419 haec

305 451 442 483 aliorum
473 448 578 482 officia
609 455 705 492 atque
730 448 857 486 merita,
890 446 930 478 ad
962 456 1014 478 me
1039 445 1162 484 delata,
1193 443 1233 476 ad
1268 443 1376 476 debita
1411 453 1482 475 mea
1505 443 1655 476 scientiae
1679 449 1776 487 atque

303 507 380 539 artis
404 507 493 550 justo
514 505 646 538 nomine
668 503 861 537 exsolvenda
879 527 891 546 ,
912 513 958 535 *eo
985 502 1087 546 magis
1110 500 1232 540 valere,
1253 510 1442 544 persuasum
1467 499 1550 531 mihi
1577 500 1619 532 sit
1642 509 1679 531 ac
1701 509 1775 544 per-

307 564 539 596 suasissimum.
1004 551 1007 556 ’
1822 558 1832 559 ’

344 619 441 660 Quod
474 620 572 662 igitur
603 617 754 650 audacem
790 627 842 648 me
875 617 987 659 juvare
1019 614 1238 658 afflictumque
1274 612 1442 646 sublevare
1482 612 1622 658 poterit,
1652 617 1774 652 vestra,

303 686 508 708 couslrLEs
541 674 685 706 Civitatis
714 679 746 704 et
780 682 1022 705 cunA‘ronzs
1059 671 1156 714 hujus
1191 669 1368 708 Athenaei,
1410 669 1481 702 viri
1516 668 1706 712 amplissimi
1741 674 1775 701 et

301 731 513 776 perillustres,
535 731 594 762 erit
616 730 798 761 humanitas
825 735 856 760 et
880 728 1121 766 benevolentia,
1153 726 1217 770 qua
1246 726 1360 758 studiis
1393 726 1474 757 meis
1498 725 1624 765 adesse,
1655 735 1774 757 novae-

301 800 366 832 que
389 788 558 832 palaestrae
579 796 688 818 curam
711 786 910 817 committere
939 784 1106 832 voluistis,
1128 793 1204 815 cum
1230 781 1480 820 Prosessionem‚
1510 781 1606 825 plane
1635 791 1773 820 novam,

300 844 530 887 Pac-hologt'ae,
551 841 732 874 Medicinae
753 843 937 882 Praeticae,
958 841 1124 875 Materiae
1151 838 1299 872 medicae
1314 845 1410 882 atque
1427 836 1612 871 Medicinae
1629 838 1774 871 Forensis

300 901 466 933 instituere
491 898 709 932 decerneretis.
879 942 882 943 γ

342 952 412 989 imo
439 963 470 989 et
496 958 577 989 hanc
605 961 742 988 vestram
771 955 990 987 auctoritatem
1006 976 1018 993 ‚
1052 952 1161 986 *hunc*
1185 942 1328 984 amorem
1364 958 1397 984 et
1430 950 1572 984 favorem
1609 956 1772 991 vestrum,

298 1014 368 1045 Viri
394 1000 588 1057 gravissimi!
620 1013 655 1043 in
679 1011 851 1043 consilium
885 1009 1039 1043 advocare
1071 1009 1153 1042 mihi
1178 1009 1286 1048 liceat,
1319 1019 1386 1052 quo
1416 1009 1519 1052 magis
1545 1008 1696 1040 certiores
1713 1017 1774 1040 vos

299 1080 367 1102 esse
394 1069 510 1109 velim,
532 1080 600 1101 non
627 1069 720 1103 istam
754 1067 835 1100 mihi
856 1067 960 1100 inesse
980 1067 1144 1100 doctrinae
1166 1066 1311 1110 copiam,
1333 1075 1431 1109 quam
1460 1071 1494 1097 et
1523 1064 1725 1108 provinciae,
1754 1073 1773 1096 a

299 1131 351 1157 me
384 1132 566 1169 susceptae,
586 1125 670 1157 ratio
697 1130 753 1156 aut
778 1134 849 1168 spes
885 1130 990 1156 vestra
1025 1129 1207 1167 exspectare
1233 1121 1388 1155 videatur.
1444 1121 1523 1155 Non
1550 1121 1648 1164 igitur
1669 1119 1774 1154 multa

297 1182 500 1226 promittere,
521 1181 578 1214 sed
606 1181 743 1224 insignia
766 1180 1006 1212 benevolentiae
1031 1186 1154 1212 vestrae
1177 1178 1372 1212 documenta
1394 1178 1576 1222 gratissimo
1606 1186 1682 1209 cum
1706 1175 1772 1209 ani·

299 1248 355 1269 mo
384 1237 556 1282 rependere
570 1260 580 1276 ‚
615 1236 776 1269 voluntati
799 1242 895 1279 atque
918 1235 1148 1280 exspectationi
1166 1259 1177 1276 ,
1204 1246 1303 1279 quam
1331 1234 1371 1267 de
1399 1245 1452 1267 me
1476 1234 1618 1273 habetis,
1647 1232 1772 1276 benefi-

297 1304 370 1334 cae,
400 1300 560 1337 quantum
581 1294 616 1325 in
649 1304 702 1325 me
727 1293 803 1331 erit,
835 1291 1011 1325 satisfacere
1028 1316 1040 1335 ,
1078 1299 1173 1336 atque
1205 1291 1260 1324 illa
1294 1291 1404 1323 omnia
1431 1290 1473 1323 ad
1503 1299 1626 1323 munus
1659 1290 1771 1326 meum

297 1360 498 1394 pensumque
531 1360 678 1382 revocare
694 1373 705 1388 ,
737 1359 863 1382 summa
896 1348 996 1382 officii
1033 1349 1099 1381 mei
1131 1349 1192 1382 erit
1226 1347 1348 1393 religio
1402 1346 1499 1389 Quod
1524 1348 1552 1380 si
1578 1345 1692 1379 sedulo
1725 1346 1771 1384 ita
1815 1355 1820 1361 ·

297 1413 427 1438 acturus
454 1407 533 1446 sim,
554 1413 592 1439 ut
621 1417 680 1438 nec
706 1407 773 1450 ipse
798 1406 896 1446 mihi,
924 1417 1029 1450 neque
1054 1405 1150 1438 etiam
1181 1405 1250 1449 spei
1279 1410 1401 1443 vestrae
1428 1403 1566 1436 defuisse
1589 1403 1685 1448 plane
1713 1402 1771 1446 ju-

298 1462 405 1500 dicer,
428 1473 512 1502 vos,
529 1463 598 1494 Viri
621 1461 829 1495 nobilissimi!
860 1462 922 1494 hoc
947 1463 1048 1494 animi
1074 1469 1108 1495 et
1133 1461 1232 1495 officii
1263 1461 1411 1505 gratioris
1441 1459 1686 1498 testimonium,
1714 1457 1770 1491 be0.

297 1518 406 1550 nevoli
431 1519 610 1563 accipiatis,
631 1530 733 1562 rogo,
750 1525 843 1563 peto,
868 1519 1020 1551 obtestor.
1068 1518 1166 1559 Quod
1193 1524 1359 1562 superest,
1388 1516 1493 1549 salvos
1513 1520 1572 1549 vo‘s
1602 1522 1700 1560 atque
1716 1503 1770 1547 'in-

295 1574 437 1607 columes
468 1577 555 1607 Deus
589 1578 740 1620 Optimus
775 1575 940 1609 Maximus
962 1575 1022 1608 diu
1046 1581 1233 1614 conservet,
1263 1575 1298 1606 in
1323 1574 1489 1612 Civitatis,
1512 1573 1650 1612 Patriae,
1671 1567 1769 1604 Athe‘·

298 1632 391 1670 mei,
421 1632 617 1672 Literarum,
647 1642 820 1676 rerumque
852 1632 1001 1666 omnium
1030 1631 1191 1665 bonarum
1219 1631 1346 1674 insigne
1377 1629 1492 1670 decus,
1523 1639 1582 1662 oro
1598 1651 1608 1670 ,
1634 1637 1766 1673 precor,

299 1687 468 1730 supplico!

341 1746 444 1787 Atque
476 1745 519 1776 ita
542 1745 637 1777 etiam
661 1751 694 1777 et
712 1755 788 1786 vos,
816 1746 887 1778 Viri
912 1745 1096 1785 clarissimi,
1127 1743 1274 1789 Collegae
1299 1741 1557 1777 honoratissimi!
1601 1741 1766 1776 doctrina.

297 1810 370 1831 rum
392 1811 657 1845 quarumcunque
687 1801 880 1835 Professores
898 1827 908 1842 ,
938 1802 979 1835 ad
1003 1802 1153 1835 eumdem
1177 1811 1319 1834 amorem
1343 1807 1375 1833 et
1401 1800 1543 1840 favorem
1571 1800 1764 1845 compellare

295 1856 402 1888 velim.
448 1859 620 1901 Egregium
645 1858 776 1902 quidem
803 1859 884 1892 illud
906 1861 1098 1892 curatorum
1120 1858 1391 1903 amplissimorum
1415 1855 1628 1899 beneficium,
1651 1858 1687 1890 in
1710 1868 1765 1901 me

293 1910 451 1952 delatum,
476 1914 538 1947 hoc
563 1914 624 1947 sibi
642 1914 735 1948 habet
752 1916 911 1960 peculiare
929 1923 1025 1962 atque
1039 1917 1226 1962 proprium,
1249 1920 1286 1948 ut
1306 1914 1414 1948 ordini
1437 1920 1543 1948 vestro
1563 1913 1762 1959 adscriptum

1709 1981 1761 2002 ni-
