1913 2427
184 152 224 186 δι
432 156 1447 191 FRANCISCI-BINKES

228 240 261 268 In
274 239 328 269 fine
340 241 427 278 hujus
440 240 506 270 libri
522 241 660 278 inquirit3
683 251 818 278 quaenam
835 249 962 279 quatuor
979 243 1090 273 illarum
1107 245 1265 275 honestatis
1284 246 1427 282 partium,
1445 246 1479 274 de
1493 245 1598 281 quibus
1608 245 1702 276 adhuc

192 291 270 327 egit,
295 292 358 321 sive
372 294 515 328 quodnam
534 294 671 329 officium,
689 294 789 322 ceteris
802 295 842 323 sit
856 296 1107 332 anteponendum3
1129 296 1209 331 sive,
1231 303 1262 324 ut
1278 296 1339 332 ipse
1354 296 1443 331 dicit,
1464 296 1533 325 facit
1554 305 1704 333 compara-

192 343 298 372 tionem
313 344 422 373 honesti
429 366 439 380 ‚
464 351 491 373 et
507 345 541 373 de
556 345 671 374 duobus
687 346 807 373 honestis
828 351 921 373 utrum
938 347 1097 383 honestius,
1119 355 1135 376 a
1151 348 1292 377 Panaetio
1308 348 1549 384 praetermissum.
1589 348 1700 383 Thesi‚

194 404 279 431 quam
296 397 342 425 hic
360 396 498 434 proponit
512 396 629 432 Cicero,
650 405 752 432 nemo,
773 396 830 426 nisi
846 396 956 433 egregie
972 395 1074 433 fallor,
1095 406 1154 427 non
1168 398 1400 434 adstipulabitur.
1435 400 1562 437 Aptiora
1579 407 1633 427 esse
1651 407 1704 427 na-

191 453 279 476 turae
296 458 330 476 ea
345 449 448 485 officia,
470 457 543 485 quae
558 457 593 476 ex
607 447 802 477 conservanda
816 448 960 476 hominum
976 450 1125 485 societate,
1146 460 1233 488 quam
1249 460 1305 486 ea,
1332 460 1406 489 quac
1425 460 1461 479 ex
1475 452 1633 487 cognitione
1649 448 1705 477 du-

187 505 307 528 cuntur.
345 499 438 535 Cujus
462 498 557 527 studio
573 507 588 527 a
602 498 685 527 rebus
703 499 830 535 gerendis
844 499 947 528 abduci
968 506 1067 529 contra
1082 501 1205 529 officium
1223 508 1275 531 est.
1316 501 1401 530 Varia
1421 501 1511 530 adfert
1534 505 1700 539 argumenta

163 555 167 558 ⁴
188 550 224 578 ad
242 549 417 585 probandam
433 549 619 578 sententiam:
643 558 715 585 quae
731 550 787 579 huc
804 551 932 579 redeunt.
971 550 1098 579 Naturae
1115 550 1244 587 cognitio
1260 557 1287 579 et
1305 552 1368 580 sola
1384 552 1590 588 contemplatio
1608 553 1702 582 homi-

186 607 268 636 nem,
291 601 424 635 quamvis
446 601 471 629 ei
497 601 624 630 omnium
642 610 733 630 rerum
755 601 879 630 adfluant
902 601 1018 638 copiae,
1042 602 1172 637 quamvis
1197 602 1312 638 omnia,
1334 610 1407 638 quae
1433 602 1600 639 cognitione
1614 604 1700 640 digna

188 657 277 686 sunt,
294 659 407 680 summo
423 652 484 680 otio
501 660 597 680 secum
615 652 678 688 ipse
698 653 859 682 consideret
876 660 904 682 et
924 655 1151 689 contempletur,
1173 660 1284 689 tamen,
1306 654 1331 682 si
1348 654 1479 683 solitudo
1496 660 1573 683 tanta
1589 654 1646 691 sit,
1668 661 1702 684 ut

187 702 321 730 homines
338 702 432 731 videre
447 711 506 731 non
521 703 632 739 possit,
652 703 758 731 efficere
772 712 831 732 non
847 710 974 740 possunt
988 704 1114 733 beatum.
1153 704 1250 732 Homo
1269 705 1342 732 enim
1359 706 1394 732 ad
1416 705 1580 734 societatem
1591 726 1602 741 ‚
1624 711 1652 734 et
1667 705 1705 734 ad

188 752 270 781 illius
285 753 508 788 promovendam
526 753 663 789 salutem,
681 759 766 782 natus
782 760 834 783 est.
876 754 1009 782 Alterum
1024 760 1068 782 est
1089 760 1304 790 argumentum,
1326 754 1460 783 omnibus
1480 755 1575 784 minus
1591 756 1703 792 perspi-

188 812 276 832 cuum
287 825 297 840 ,
316 811 343 832 et
360 803 469 841 magis,
487 811 520 833 ut
529 804 568 833 ita
584 805 673 833 dicam
684 826 694 840 ‚
710 805 967 842 philosophicum;
984 812 1011 834 et
1027 804 1120 841 primo
1137 804 1240 833 obtutu
1257 813 1377 842 magnus
1389 811 1490 834 noster
1504 805 1560 834 sibi
1578 805 1703 842 obloqui

186 854 310 884 videtur,
343 855 515 891 Sapientiam
534 856 607 884 enim
624 862 708 885 vocat
725 857 852 886 omnium
866 857 1006 886 virtutum
1024 856 1199 893 principem,
1218 863 1245 884 et
1259 855 1449 885 nihilominus
1465 856 1558 885 omnis
1575 856 1702 893 scibilis,

186 905 429 941 scientiarumque
456 913 646 942 cunctarum,
665 907 768 936 notitia
789 907 812 936 ei
838 915 896 936 non
919 915 962 936 est
981 908 1108 937 omnium
1130 907 1295 936 Officiorum
1314 907 1448 943 primum.
1472 906 1559 951 ¹Hoc
1584 907 1703 938 auribus

186 956 350 992 animisque
373 957 548 986 absurdum!
592 958 623 986 Si
638 958 713 986 enim
730 967 822 987 rerum
842 959 1001 988 divinarum
1023 966 1109 996 atque
1129 960 1312 988 humanarum
1329 958 1447 988 scientia
1464 966 1574 986 summa
1589 959 1628 986 sit
1643 958 1701 986 vir-

185 1014 256 1044 tus,
285 1008 417 1044 sequitur
443 1017 537 1037 earum
560 1018 653 1038 rerum
676 1010 825 1046 studium,
855 1016 1029 1046 naturaeque
1050 1011 1265 1048 cognitionem,
1298 1018 1443 1038 summum
1472 1017 1534 1038 esse
1560 1009 1697 1039 officium.

184 1058 241 1087 Sed
267 1059 340 1088 hanc
372 1060 562 1097 objectionem
591 1060 661 1089 bene
689 1059 794 1089 refellit
824 1061 934 1091 Cicero.
978 1063 1124 1100 Sapientia
1149 1064 1223 1092 enim
1243 1085 1253 1098 ,
1282 1071 1354 1099 quae
1384 1071 1495 1092 summa
1519 1069 1564 1092 est
1589 1063 1700 1097 virtus.

183 1119 302 1139 caussas
329 1111 473 1147 explicat,
495 1112 604 1147 quibus
628 1112 723 1141 divina
742 1119 768 1142 et
784 1112 908 1143 humana
930 1115 1132 1150 continentur,
1154 1115 1277 1150 ideoque
1299 1115 1424 1143 Deorum
1446 1121 1533 1150 atque
1552 1113 1703 1143 hominum

183 1161 416 1191 communitatem
439 1164 653 1199 complectitur.
694 1162 773 1201 Ergo
800 1165 908 1201 officia,
938 1174 973 1194 ex
997 1166 1202 1195 communitate
1224 1165 1360 1201 fluentia,
1390 1165 1490 1194 ceteris
1523 1171 1592 1194 sunt
1623 1173 1701 1201 prae-

182 1212 306 1243 ferenda.
346 1213 448 1242 Omnis
469 1221 562 1243 autem
586 1215 714 1252 cognitio
736 1224 834 1245 manca
854 1223 898 1245 est
921 1224 949 1246 et
975 1217 1161 1254 imperfecta,
1192 1218 1248 1247 nisi
1270 1218 1366 1246 tendat
1391 1217 1426 1246 ad
1448 1217 1552 1246 tuenda
1572 1224 1700 1246 commo-

182 1263 219 1291 da
242 1262 414 1300 hominum;
437 1272 464 1293 et
488 1267 610 1301 pertinet
629 1266 717 1302 igitur
736 1268 771 1295 ad
787 1268 951 1297 societatem
975 1269 1142 1298 humanam:
1166 1270 1233 1298 haec
1252 1269 1340 1306 igitur
1369 1268 1530 1305 cognitioni
1556 1274 1599 1296 est
1622 1274 1702 1296 ante-

181 1314 331 1350 ponenda,
353 1322 424 1349 quae
440 1316 554 1350 quidem
572 1317 749 1345 intellectum
768 1325 868 1354 ornet,
891 1321 942 1348 sed
960 1321 1032 1349 nihil
1052 1321 1199 1349 communi
1218 1320 1334 1349 utilitati
1349 1320 1455 1349 adferat
1479 1320 1577 1356 (76).
1630 1319 1702 1347 Ter-

183 1365 256 1392 tium
288 1373 487 1402 argumentum
522 1373 566 1395 est
594 1368 769 1403 optimorum
798 1369 926 1398 virorum
961 1371 1101 1406 J'udicium
1119 1390 1129 1404 ‚
1157 1370 1351 1406 cognitionem
1381 1369 1645 1405 postponendum,
1674 1368 1702 1397 si

182 1416 305 1452 patriae,
327 1417 473 1453 parentis,
495 1417 709 1454 amicorumve,
731 1419 891 1455 periculum
914 1427 1045 1449 nostrum
1071 1420 1163 1456 exigat
1185 1419 1336 1448 auxilium.
1376 1419 1518 1457 Quartum
1536 1420 1644 1455 petitur
1665 1419 1700 1448 ab

183 1466 239 1502 its,
262 1468 332 1503 q-ui,
353 1468 457 1497 studiis
480 1469 587 1504 dediti,
608 1470 642 1497 ab
665 1471 802 1506 augendis
825 1471 972 1500 hominum
997 1471 1172 1500 utilitatibus
1193 1477 1221 1499 et
1244 1469 1403 1499 commodis
1433 1470 1495 1499 ideo
1526 1478 1584 1499 non
1608 1478 1700 1499 reces-

181 1524 300 1554 serunt3
323 1527 413 1554 neque
436 1520 529 1548 soiurn
551 1520 611 1548 vivi
635 1529 666 1549 ac
689 1527 853 1557 praesentes
884 1522 1013 1551 discendi
1038 1523 1161 1558 cupidos
1187 1522 1291 1550 docent
1325 1528 1352 1550 et
1373 1521 1526 1557 erudiunt,
1555 1522 1604 1550 sed
1625 1521 1699 1550 idem

184 1568 292 1596 mortui
311 1569 393 1596 etiam
414 1568 558 1598 literarum
582 1571 777 1600 monumentis
806 1573 1011 1608 adsequuntur.
1062 1573 1123 1602 Hac
1148 1573 1213 1601 item
1242 1573 1277 1601 de
1303 1580 1424 1607 caussa,
1453 1573 1535 1608 loqui
1558 1572 1695 1608 copiose,

183 1620 271 1647 modo
297 1620 468 1656 prudenter,
496 1621 598 1651 melius
631 1631 692 1650 esse
721 1622 853 1659 judicat,
880 1632 965 1659 quam
994 1624 1039 1652 vel
1069 1623 1234 1652 acutissime
1264 1623 1326 1652 sine
1353 1623 1519 1659 eloquentia
1550 1623 1696 1660 cogitare,

185 1671 264 1705 quod
282 1671 444 1706 eloquentia
463 1672 493 1700 in
518 1671 583 1701 foro
608 1673 694 1701 servit
713 1674 855 1703 societati.
896 1675 1036 1712 Quintum
1056 1675 1089 1703 ab
1116 1675 1176 1710 ipsa
1199 1674 1347 1703 societatis
1371 1674 1480 1711 origine
1502 1680 1545 1703 est
1569 1681 1698 1711 repeten-

186 1720 265 1750 dum.
305 1721 424 1757 Atque,
452 1729 484 1751 ut
505 1723 591 1752 dicit:
623 1744 641 1760 „
661 1725 756 1761 apium
774 1733 899 1754 examina
928 1734 988 1755 non
1012 1725 1209 1763 fingendorum
1230 1724 1359 1754 favorum
1384 1733 1488 1754 caussa
1518 1733 1694 1762 congregan-

1592 1797 1611 1811 ’ἢ
1631 1783 1700 1812 tur>

210 1885 277 1913 (76)
292 1887 352 1909 Haec
367 1886 421 1909 dicit
434 1889 565 1916 praesertim
585 1891 607 1912 in
619 1891 779 1919 Perrpmn'cor,
794 1899 806 1915 ι
819 1892 898 1920 quibu:
911 1892 969 1915 filius
987 1892 1158 1916 insumebatur.
1180 1891 1250 1920 quibu
1264 1893 1351 1914 'mxl-u
1361 1891 1441 1919 tllfffl
1453 1892 1509 1913 ‘'1¹“
1523 1889 1620 1918 *5⁴⁸³*
1638 1889 1694 1911 Μ

181 1929 266 1954 fulua,
278 1929 303 1949 in
315 1930 478 1957 conte-platina
492 1937 512 1953 u
525 1934 636 1960 cognitioni·
646 1935 714 1962 posim
726 1941 802 1957 rarum.
832 1934 877 1958 Cic.
892 1936 941 1958 1¹7³.
960 1936 993 1962 V.
1007 1942 1029 1962 4.
