1913 2427
249 153 289 189 ns
498 136 1433 186 ''mariannam-rexi:

249 230 394 276 Naturaeg
417 243 444 268 et
466 237 616 276 diligenter
640 238 824 275 distinguunt
846 238 891 273 id,
921 237 1000 273 quod
1022 243 1122 268 natura
1152 237 1240 267 fuerit
1267 238 1416 267 conditum
1445 237 1702 276 efformatumque,
1726 246 1765 271 et

247 292 342 328 illud,
364 291 443 328 quod
461 297 520 320 arte
544 291 714 320 accesserit:
745 291 833 326 illud,
863 291 942 326 quod
962 297 1061 319 natura
1087 291 1116 319 in
1144 289 1238 325 primo
1263 284 1333 318 or‘tu‘
1347 290 1402 327 jam
1429 289 1596 326 perfecerit,
1617 297 1644 319 et
1667 291 1760 328 illud,

251 343 330 380 quod
346 343 541 380 progrediente
558 343 670 371 demum
685 348 773 370 aetate
787 341 911 370 finxerit.
924 340 979 378 (de
990 341 1058 369 Fln.
1081 340 1118 369 V.
1139 341 1211 378 21‚)
1250 339 1471 369 Arbitrabantur
1485 340 1559 369 enim
1574 341 1636 377 (ib.
1654 350 1683 371 e-
1696 344 1762 379 15.)

247 394 276 424 si
306 415 323 430 „
341 394 427 422 simul
452 400 537 428 atque
559 399 640 421 ortus
662 399 755 428 esset,
777 401 806 421 se
832 392 956 428 quisque
982 398 1188 428 cognosceret,
1213 391 1397 427 judicareque
1419 398 1536 428 posset,
1567 401 1639 427 qnae
1662 393 1711 421 vis
1732 398 1763 432 et

251 465 270 482 ‚‚
291 445 383 473 totius
407 451 482 473 esset
502 450 639 479 naturae,
660 450 687 471 et
703 443 828 480 partium
848 443 1048 481 singularum,
1074 443 1215 472 continuo
1241 442 1365 478 videret,
1395 443 1465 479 quid
1486 449 1560 472 esset
1584 443 1660 479 hoc,
1682 444 1763 479 quod
1804 446 1808 450 ”

251 516 270 532 ,,
293 495 480 531 quaerimus,
501 493 635 523 'omnium
659 503 771 530 rerum,
800 503 871 530 quas
901 493 1082 530 expetimus,
1110 501 1254 522 summum
1284 493 1310 522 et
1340 494 1489 529 tiltit'num,
1517 503 1569 523 nec
1601 495 1658 523 ulla
1683 493 1713 522 in
1735 502 1764 524 re

252 567 271 583 ‚,
292 555 408 582 peccare
432 552 544 587 posset.
588 546 676 574 Nunc
707 555 775 574 vcro
805 541 983 583 (dicebant)
1008 555 1024 574 a
1052 546 1145 583 primo
1179 546 1292 581 quidem
1328 545 1495 574 mirabiliter
1520 547 1633 575 occulta
1664 552 1766 576 natura

253 617 272 633 „
294 603 355 632 est,
376 605 427 626 nec
449 596 593 633 perspici,
614 604 666 625 nce
688 586 827 632 cognosci
849 601 963 632 potest3
987 597 1236 633 progredientibus
1260 603 1353 625 autem
1374 597 1535 631 aetatibus,
1557 597 1681 632 sensim,
1709 602 1764 625 tar-

252 668 271 684 „
292 648 361 676 deve
381 647 500 683 potius,
532 647 613 683 quasi
630 653 741 676 nosmet
760 647 840 683 ipsos
863 647 1080 683 cognoscimus.
1091 647 1110 660 '²
1152 649 1218 677 Ideo
1241 655 1267 676 et
1291 649 1337 676 sui
1362 648 1475 684 ipsius,
1497 647 1526 676 id
1542 654 1604 683 est,
1630 648 1769 678 humanae

249 705 365 728 naturae
385 697 580 734 cognitionem
602 705 681 727 tanto
707 707 791 734 opere
820 700 1054 728 commendarunt
1079 700 1214 736 Veteres,
1244 708 1270 729 ct
1289 701 1427 730 Divinum
1457 702 1540 737 plane
1562 702 1668 730 donum
1693 701 1771 738 judi·

250 756 362 778 carnut.
406 749 475 778 Vid.
495 756 560 778 ante
578 749 672 777 omnia
694 749 751 778 Cic.
775 749 809 777 dc
823 750 915 786 chg.
937 752 960 779 Ι.
983 760 1027 779 22.
1052 759 1135 786 seqq.
1158 751 1238 780 Tusa.
1257 752 1298 790 Q,
1318 752 1344 780 Ι.
1363 761 1410 781 22.
1438 751 1479 781 ib.
1502 751 1633 788 Davis.,·
1647 751 1682 780 dc
1697 751 1765 783 Fan.

247 798 302 831 ΙΙΙ.
325 810 373 829 22.
402 800 440 828 V.
465 801 518 836 163
550 800 630 829 conf.
652 800 774 837 [νίψῃς.
799 800 940 838 sm'Dlog.
967 802 1002 832 L,
1026 802 1050 831 Ι.
1072 813 1121 839 40.

285 852 384 886 Atque
412 851 480 879 haec
506 860 522 879 a
554 857 654 879 natura
688 851 819 888 capiendi
856 853 964 880 exordii
1003 853 1074 881 ratio
1115 854 1275 883 communis
1313 853 1370 882 fuit
1402 854 1567 884 Stoicorum
1601 853 1704 890 (conf.
1735 853 1771 882 de

253 904 322 932 fin.
349 902 399 932 111.
423 910 452 937 5.
486 910 569 938 seqq.
600 902 634 930 dc
657 902 735 930 Nat.
761 902 803 931 D,
830 902 869 930 ΙΙ.
891 904 961 941 56.)
979 925 988 939 ‚
1014 905 1267 942 Peripateticorum
1300 906 1365 943 (ib,
1391 906 1430 934 V.
1449 907 1525 942 9.)‚
1556 906 1768 942 Epicureorum

253 955 319 991 (ib.
337 955 359 984 I.
386 958 462 992 9.),
485 955 613 983 omnium
638 954 757 983 omniuo
776 961 901 983 veterum
918 956 1181 993 Philosophorum,
1211 966 1246 986 ne
1266 958 1394 993 reliquos
1418 954 1532 985 nomine
1553 956 1655 992 citem;
1676 956 1716 986 ita
1736 961 1770 985 ut

252 1007 352 1035 merito
371 1006 437 1034 Piso
459 1006 516 1041 (de
538 1006 635 1035 Fc'm'b.
657 1006 696 1034 V.
718 1006 772 1042 6.)
805 1006 972 1042 „constitit
992 1007 1049 1036 fere
1073 1009 1147 1036 iuter
1171 1016 1289 1044 omnes,
1312 1007 1358 1042 id,
1382 1007 1410 1042 in
1426 1015 1485 1042 quo
1507 1007 1674 1042 prudentia,
1697 1006 1718 1035 i.
1739 1014 1766 1036 e.

254 1079 272 1093 „
291 1067 336 1087 ars
360 1058 454 1094 vitae,
483 1065 664 1094 versaretur,
693 1065 720 1086 et
743 1059 820 1093 quod
850 1060 965 1096 assequi
992 1061 1094 1095 vellet,
1124 1066 1221 1096 aptum
1245 1066 1272 1088 et
1295 1058 1542 1087 accommodatum
1569 1063 1684 1087 naturae
1705 1064 1768 1087 esse

253 1130 271 1145 aa
294 1116 441 1145 Oilffl‘tssl'sss
465 1116 491 1137 et
515 1110 589 1144 tale,
612 1115 643 1137 ut
667 1109 762 1144 ipsum
788 1117 837 1145 per
867 1119 897 1138 se
933 1111 1066 1140 invitaret
1097 1117 1124 1140 ct
1148 1111 1272 1140 alliceret
1302 1110 1462 1147 appetitum
1485 1109 1582 1138 animi.
1622 1108 1700 1147 Quid
1722 1116 1772 1138 au-

253 1167 348 1196 „tem
370 1160 426 1196 sit,
455 1160 534 1195 quod
557 1160 596 1188 ita
626 1166 755 1195 moveat,
786 1160 882 1196 itaque
911 1170 926 1190 a
950 1169 1050 1191 natura
1074 1162 1105 1191 in
1132 1162 1226 1198 primo
1259 1167 1324 1191 ortu
1348 1168 1515 1198 appetatur,
1545 1169 1604 1190 non
1634 1165 1771 1195 constat‘,

255 1232 273 1247 r.
293 1213 383 1246 deque
403 1219 436 1240 eo
465 1217 509 1239 (st
530 1210 603 1238 inter
625 1211 839 1247 philosophos,
861 1221 925 1241 cum
956 1222 1101 1242 summum
1125 1213 1235 1242 bonum
1257 1213 1437 1249 exquiritur,
1468 1211 1562 1241 omnis
1586 1210 1771 1241 dissensio.”

291 1263 373 1291 Ilanc
394 1264 506 1291 demum
531 1262 605 1290 viam
628 1271 693 1298 prae
713 1263 777 1291 aliis
800 1263 883 1292 etiam
904 1265 1015 1301 tenuit,
1042 1271 1069 1294 et
1089 1265 1199 1302 egregie
1224 1265 1316 1293 tuitus
1332 1271 1376 1293 est
1406 1264 1523 1299 Cicero,
1554 1263 1605 1298 qui
1630 1263 1659 1291 in
1679 1262 1773 1292 omni·-

253 1314 309 1343 hus
339 1314 402 1343 suis
432 1313 571 1349 scriptis⁷
600 1313 767 1349 praesertim
792 1314 1029 1352 Philosophicis‚
1058 1322 1185 1345 naturam
1217 1316 1367 1344 humanam
1390 1321 1520 1343 accurate
1551 1315 1725 1349 exploratam
1747 1320 1776 1342 et

252 1365 397 1402 cignitam
423 1365 461 1393 ita
485 1364 638 1400 exposuit,
668 1371 700 1392 ut
733 1365 767 1392 ab
800 1373 830 1393 ea
855 1366 950 1394 omnia
973 1373 1097 1402 peteret,
1127 1367 1162 1394 ad
1184 1374 1243 1394 eam
1269 1366 1362 1394 omnia
1387 1365 1521 1400 referrem
1551 1364 1587 1393 ita
1611 1371 1662 1400 ut,
1691 1365 1772 1400 quod

256 1436 274 1451 ,‚
295 1414 457 1451 gravissimi
479 1415 654 1451 Philosophi
680 1415 793 1444 initium
819 1416 923 1445 summi
945 1417 1014 1446 boni
1033 1426 1048 1446 a
1068 1423 1170 1445 natura
1192 1417 1375 1453 petiverunt,
1397 1423 1423 1446 ct
1443 1417 1525 1444 illum
1546 1416 1703 1452 appetitum
1729 1425 1772 1445 re-

258 1486 276 1501 „
295 1473 357 1493 rum
379 1466 413 1493 ad
436 1471 565 1494 naturam
589 1466 865 1494 accommodatarum
901 1467 1094 1502 ingeneratum
1124 1474 1298 1504 putaverunt
1318 1467 1452 1496 omnibus
1469 1487 1480 1502 ‚
1509 1467 1558 1502 qui
1585 1467 1775 1497 continentur

256 1537 276 1553 „
294 1525 324 1545 ea
347 1516 594 1545 commendatione
624 1523 758 1552 naturae,
786 1517 848 1553 jure
872 1525 920 1546 cos
953 1518 1009 1546 hoc
1035 1518 1167 1548 fecisse’'
1197 1519 1250 1548 snb
1278 1527 1401 1555 persona
1431 1519 1542 1548 Pisonis
1569 1525 1681 1548 censeat
1713 1519 1773 1556 (dc

257 1570 324 1598 Fin.
346 1568 383 1598 V.
411 1570 494 1606 551).
526 1569 636 1604 Scripta
657 1569 719 1605 ejus
742 1569 950 1605 Philosophica
968 1570 1055 1606 hujus
1079 1570 1217 1606 rationis,
1243 1579 1276 1599 ex
1296 1577 1395 1599 natura
1412 1571 1560 1600 evolvendi
1576 1571 1717 1607 principia
1733 1571 1773 1600 la-

259 1619 366 1655 tentia,
389 1620 540 1654 oculisque
555 1620 746 1657 subjiciendi,
771 1620 912 1657 egregium
939 1620 1064 1649 referunt
1093 1623 1251 1658 exemplar,
1277 1628 1306 1650 et
1328 1622 1563 1659 quasicssig1em,
1593 1622 1641 1650 cui
1664 1622 1773 1658 optima

256 1680 289 1700 ex
313 1671 439 1706 antiquis
464 1670 673 1707 philosophis,
703 1680 717 1699 a
742 1673 886 1708 praeclaro
909 1672 1050 1708 discipulo
1075 1674 1138 1703 suis
1161 1674 1254 1711 copiis
1276 1679 1378 1708 aucta,
1410 1673 1538 1702 ornatius
1559 1679 1587 1701 et
1607 1673 1774 1710 diligentius

261 1723 392 1757 exculta,
421 1722 559 1758 impressa
584 1722 751 1759 reperimus.
801 1723 882 1752 Talis
909 1729 1039 1759 tanthuc
1062 1726 1187 1755 auctoris
1217 1726 1305 1762 igitur
1334 1725 1466 1763 vcstIgiis
1492 1724 1672 1760 insistentes,
1704 1732 1775 1760 quae

260 1774 358 1803 Cicero
383 1782 416 1802 cx
441 1780 534 1802 ntente
555 1775 695 1810 humana,
716 1781 861 1811 tamquam
887 1775 986 1810 sonte,
1008 1775 1138 1814 hauriat,
1167 1785 1364 1814 exponamus,
1391 1784 1547 1813 eorumque
1568 1776 1724 1813 rationem,
1745 1781 1774 1804 et

258 1825 471 1862 argumentandi
493 1826 630 1864 pondus,
650 1826 783 1865 deinceps
802 1817 1022 1864 perpendamus-

1638 2025 1775 2060 CAPUT
