1913 2427
491 154 972 188 DISSERTATIO
1034 154 1382 186 JURIDIGA.
1666 166 1688 201 7

163 255 263 276 mana·
278 242 416 282 gloriam,
436 248 650 278 auctoritatem,
672 242 812 278 honores,
833 241 960 270 favorem
979 241 1212 277 optimatiumvet
1234 241 1449 278 multitudinis,
1483 241 1539 270 sibi
1564 251 1683 279 compa·

167 306 228 327 rare
245 302 356 333 posset.

201 347 280 377 Haec
303 346 452 376 sufficiant
481 345 516 374 de
540 346 684 374 Ciceronis
708 344 841 374 consilio.
882 344 1036 373 Videamus
1062 353 1139 373 nunc
1161 345 1195 373 de
1214 343 1368 380 fontibus,
1390 353 1427 375 ex
1450 346 1554 382 quibus
1581 346 1684 375 onmis>

162 400 265 429 haecce
287 399 322 427 de
350 398 457 436 Officiis
477 397 569 426 oratio
591 403 728 433 manarit,
749 403 782 424 ut
800 395 902 424 melius
917 396 1055 425 rationem
1076 396 1195 425 docendi
1215 395 1435 426 CIccronianam
1452 406 1672 434 cognoscamus.

195 449 285 489 Quod
311 450 346 478 ad
368 450 544 484 materiam,
567 456 650 477 nemo
670 447 915 477 nunclceronem
941 448 1071 476 Stoicum
1098 448 1248 485 agnoscit,
1282 448 1361 484 quod
1390 455 1418 476 et
1452 449 1514 484 ipse
1549 447 1684 478 fateturz-

162 521 184 540 ,‚
202 499 409 537 sequimur,”
427 500 544 536 inquit,
572 520 591 536 ‚‚
611 500 667 529 hoe
690 499 806 536 quidem
830 505 977 535 tempore,
1000 505 1027 528 et
1051 499 1102 527 hac
1129 499 1158 528 in
1177 499 1365 535 quaestione,
1386 499 1573 536 potissimum
1600 501 1676 529 Stoi-

161 573 182 591 „
201 563 265 589 cos,
285 561 345 582 non
368 557 401 580 ut
431 552 620 588 interpretes,
640 552 709 587 sed,
731 558 763 580 ut
781 551 928 585 solemus,
949 558 964 579 e
988 550 1121 579 fontibus
1142 559 1238 580 eorum
1248 572 1267 587 ,⁴
1279 551 1389 589 judicio
1413 551 1589 586 arbitrioque
1605 559 1693 580 nos—2

167 623 186 640 „
205 609 271 639 tro,
301 589 442 639 quantum
465 611 582 639 quoque
604 603 691 632 modo
715 601 877 637 videbitur,
899 601 1041 630 auriemus
1069 601 1175 639 (2).'’
1216 602 1272 631 Sed
1294 610 1360 631 cum
1382 611 1396 631 e
1422 602 1540 638 reliquis
1562 603 1674 631 Cicero-

161 657 207 684 m's
221 654 363 683 uberrime
378 661 509 689 constet,
532 663 596 683 eum
612 654 816 683 Academicum
830 653 1046 690 philosophiam
1063 659 1090 680 et
1109 654 1138 681 in
1155 653 1255 689 primis
1271 653 1422 682 Platonem
1442 655 1587 685 adamasse
1607 662 1680 690 praev

157 706 278 741 ceteris,
300 706 404 734 mirum
424 705 513 734 videri
532 711 649 742 potest,
670 706 751 741 quod
778 705 809 734 in
829 705 916 733 hacce
935 705 969 733 de
990 703 1099 733 officiis
1123 705 1290 740 quaestione
1314 706 1420 735 Stoicos
1444 711 1561 734 secutus
1584 705 1634 734 sit.

198 756 322 786 Nullum
339 764 410 786 vero
430 757 519 786 aderit
538 757 658 785 dubium
670 777 681 792 ,
704 757 729 785 si
749 757 784 785 ad
804 756 1042 786 Academicorum
1061 755 1320 785 animadvertamus
1341 756 1568 793 philosophandi
1589 756 1674 786 ratio·

157 816 235 839 nem.
276 808 324 837 mi
346 807 442 844 enim,
464 816 500 837 ne
518 814 622 837 temere
641 809 680 837 de.
699 808 782 837 rebus
808 806 1030 844 pronuntiarent
1045 815 1150 843 ,quae
1172 807 1228 836 s1bi
1253 808 1414 844 probabilia
1442 808 1593 837 videantur
1610 829 1620 843 ,
1642 815 1674 837 ea

158 866 340 897 sequuntur,
362 867 435 895 quae
449 864 570 895 contra,
593 859 757 896 improbant
773 859 860 896 (3);
890 857 990 887 deinde
1015 866 1083 886 cum
1105 858 1181 887 aliis
1196 858 1394 896 disputantes,
1421 859 1491 895 quid
1519 859 1684 895 sentirent,-

157 919 306 948 nunquam
331 913 424 948 palam
444 909 606 946 faciebant,
628 911 672 939 vel
693 919 755 940 raro
781 911 893 939 saltem.
933 909 1000 938 Hoc
1030 909 1118 946 igitur
1148 909 1372 947 philosophandi
1406 919 1497 948 genus
1513 931 1526 946 ‚
1555 910 1676 939 maxime

157 962 290 1000 elegans,
310 962 486 998 minimeque
508 970 662 999 arrogans,
685 968 803 991 secutus
824 967 869 990 est
892 961 1011 996 Cicero,
1032 969 1150 996 eamque
1174 962 1410 991 consuetudinem
1427 962 1536 997 tenuit,
1557 968 1589 990 ut
1603 960 1674 998 quid

157 1013 215 1043 sibi
234 1014 295 1043 veri
318 1013 498 1042 simillimum
522 1013 683 1049 videretur,
705 1019 823 1042 teneret.
863 1012 972 1041 Deinde
993 1012 1056 1049 ipse
1085 1013 1191 1041 Stoicos
1216 1020 1244 1042 et
1275 1013 1449 1043 Antiochum
1475 1013 1675 1041 Ascalonitam

156 1065 289 1100 audivit,
309 1064 415 1094 veteris
436 1064 604 1093 Academiae
624 1065 858 1101 philosophum,
885 1064 933 1100 qui
973 1064 1079 1093 efficere
1107 1071 1229 1093 conatus
1250 1070 1321 1099 est„
1344 1070 1377 1093 ut
1403 1065 1584 1094 Academiam
1603 1071 1671 1093 cum

157 1114 267 1144 Stoicis
289 1121 317 1144 et
337 1114 534 1151 Peripateticis
559 1115 791 1145 inconcordizun
810 1115 947 1152 redigeret
970 1115 1048 1153 (4).
1089 1115 1166 1144 Hinc
1188 1115 1272 1144 facile
1294 1117 1461 1152 deducitur,
1487 1117 1669 1153 Ciceronem,

156 1174 211 1196 ceu
225 1167 448 1202 Academicum,
471 1167 584 1202 optimo
607 1167 670 1204 jure
688 1167 794 1195 Stoicos
816 1165 847 1195 in
870 1167 923 1195 hac
947 1166 1115 1202 quaestione
1144 1167 1225 1203 sequi
1250 1168 1400 1204 potuis-se,
1432 1168 1500 1203 quia
1524 1168 1615 1197 Stoici
1637 1169 1672 1197 de

158 1217 267 1247 virtute
285 1217 577 1247 honorificentissime
595 1225 767 1254 senserunt,
791 1218 1016 1247 etthonestatem
1039 1219 1159 1246 maxime
1186 1226 1303 1255 propter
1327 1227 1358 1248 se
1382 1218 1514 1248 dixerunt
1541 1226 1679 1256 experem·

154 1268 238 1297 dam:
259 1275 287 1297 et
303 1269 490 1305 Academici,
512 1269 704 1308 Periputctici
719 1270 883 1305 Stoicique,
899 1269 928 1298 in
942 1270 1147 1299 constituendo
1163 1278 1276 1299 summo
1297 1271 1396 1306 bono,
1426 1270 1506 1306 quod
1522 1270 1672 1299 honestate

154 1319 293 1354 metitur,
309 1320 405 1348 verbis
420 1321 530 1357 magis,
552 1328 637 1356 quam
653 1328 701 1355 re,
719 1321 880 1356 discrepare
895 1320 1085 1356 videbantur,
1111 1327 1138 1348 et
1156 1321 1263 1349 Stoicos
1280 1320 1401 1356 denique
1417 1321 1508 1357 magis
1529 1329 1672 1350 novorum

153 1370 311 1399 verborum
327 1378 412 1405 quam
434 1379 526 1400 rerum
544 1371 708 1400 inventores
731 1370 824 1399 fuisse
842 1370 1060 1408 legimus›(5).
1099 1370 1261 1406 Praeterea,
1288 1371 1312 1399 si
1340 1377 1503 1407 spectemus
1531 1373 1668 1408 temporis

155 1420 245 1458 hujus
264 1421 420 1456 rationem,
444 1421 468 1450 si
486 1422 645 1458 cogitemus
664 1422 698 1450 de
718 1421 824 1457 Reip.-,
845 1423 880 1450 de
901 1422 1065 1451 multorum*
1082 1430 1252 1459 magnorum
1277 1422 1426 1457 virorum,
1455 1422 1606 1459 ipsiusque
1624 1423 1672 1452 Ci-

154 1461 265 1500 cer-onis
276 1494 286 1507 ‚
302 1472 371 1501 diris
387 1471 616 1506 calamitatibus,
637 1472 745 1500 nemini
761 1472 863 1501 mirum
881 1473 954 1508 erit,
969 1473 1150 1508 Ciceronem,
1168 1473 1196 1501 in
1214 1473 1315 1502 ultimo
1330 1473 1405 1502 vitae
1423 1480 1550 1510 puncto,
1572 1475 1677 1503 Stoam.

155 1523 251 1559 magni
275 1522 527 1552 aestimasset-iiia
547 1523 622 1551 enim
644 1523 738 1551 omnia
760 1524 883 1552 humana
904 1524 1107 1552 conculcaret
1130 1524 1258 1560 spernit,
1290 1530 1317 1552 et
1342 1524 1486 1553 hominem
1511 1533 1598 1561 snpra
1621 1526 1672 1554 ho-

154 1573 257 1602 minem
280 1573 446 1602 tollitzffilla
467 1573 591 1602 animum
616 1574 650 1602 ad
671 1575 882 1610 constantiam,
912 1574 1111 1604 fortitudinem
1135 1582 1162 1603 et
1191 1574 1300 1603 doloris
1332 1575 1518 1611 patientiam»,
1548 1576 1674 1606 excitat:

154 1619 205 1652 ina
228 1624 416 1654 humilitatem
437 1633 548 1654 omnem
571 1625 732 1661 improbat,
758 1632 785 1654 et
807 1632 926 1655 mortem
947 1626 1046 1662 potius
1069 1626 1254 1662 appetendam
1280 1626 1384 1661 docet,
1412 1635 1496 1662 quam
1522 1628 1668 1656 demittere

157 1681 188 1704 et
206 1675 326 1713 abjicere
349 1684 379 1705 se
400 1678 494 1713 ultra,
523 1685 608 1713 quam
629 1677 776 1714 dignitatis
797 1677 950 1714 decorique
972 1678 1044 1707 ratio
1062 1678 1182 1714 patitur.
1222 1676 1374 1713 Denique,
1403 1678 1451 1706 ubi
1476 1685 1671 1714 quaecumque

1617 1728 1672 1758 aiia

181 1812 234 1842 (α)
251 1815 296 1842 Off:
317 1817 333 1837 1.
349 1815 366 1838 1.
390 1820 411 1838 τε
426 1821 459 1838 2„

153 1862 158 1868 ·
181 1854 386 1884 (3)0ff.11‚2‚
408 1857 454 1880 lin.
471 1857 509 1885 11,
524 1864 560 1886 ¹4·
1651 1871 1653 1873 ¹

183 1895 238 1924 (4)
251 1897 286 1919 De
301 1896 356 1920 Nae.
372 1898 464 1920 Dm:-
478 1899 505 1926 1,
519 1904 548 1927 7,
569 1899 610 1922 Ae.
624 1904 701 1927 quom.
718 1899 753 1925 Π,
768 1905 810 1926 22,
826 1900 889 1922 Bru.
906 1906 928 1922 es
941 1905 977 1927 9¹·
1009 1899 1047 1922 Cn
1063 1900 1148 1921 Erunt
1167 1899 1194 1922 in
1217 1899 1264 1922 Iud.
1284 1899 1339 1921 Ilm.
1362 1899 1405 1923 δην.
1440 1898 1476 1920 De
1495 1898 1544 1925 ejus
1564 1899 1671 1927 placitis,

153 1936 188 1960 ''-
205 1939 232 1959 (ἔ-
249 1939 389 1966 rmum-un,
406 1941 474 1962 cuch.
489 1941 526 1962 der
539 1941 683 1968 ΡΙιὶΙοιορΙιΙα,
698 1942 729 1964 Τ.
745 1941 789 1966 W,
813 1947 833 1967 p.
848 1946 892 1966 400
908 1947 958 1968 sqq.

185 1977 236 2006 (s)
253 1979 324 2002 cicero
337 1980 360 2002 de
372 1981 419 2003 fin.
434 1981 480 2008 ΙΙΙ,
495 1988 509 2004 2
523 1988 574 2010 sqq.
595 1988 618 2005 et
629 1982 723 2011 panim.
752 1982 789 2005 Cf.
801 1983 832 2006 D.
849 1982 876 2011 ᾖ
893 1989 913 2005 ν.
929 1982 1022 2011 lamp,
1036 1981 1090 2010 «usp.
1105 1982 1123 2005 1.
1145 1988 1166 2006 ο
1179 1987 1208 2008 4»
1223 1987 1246 2008 ³·

1521 1848 1526 1863 1
