1913 2427
500 132 980 171 DlssERTATto
1046 133 1319 168 MEDIC'A‘.
1623 144 1666 166 αι’

153 236 262 276 servata
277 226 448 265 singularia,
470 233 520 256 aut
542 226 572 255 in
595 234 625 255 se
639 225 711 262 ipsis
728 231 776 254 aut
798 224 828 252 in
848 223 912 252 aliis
936 223 1169 259 aegrotantibus,
1193 221 1339 259 profuisse
1359 221 1472 251 inventa
1498 228 1590 258 sunt,
1611 221 1662 251 ite-

152 290 215 311 rum
239 280 301 309 aliis
320 279 494 314 suadebant,
515 284 548 307 ut
567 283 595 306 et
614 277 694 306 hisce
715 277 883 313 prodessent
900 275 994 311 (11).

190 333 224 362 In
244 331 322 361 omni
348 337 441 359 autem
464 338 561 364 casu,
580 329 610 357 in
634 337 694 364 quo
712 328 748 356 de
777 333 877 355 natura
908 326 1001 354 morbi
1023 334 1083 354 non
1105 325 1175 354 satis
1200 326 1269 354 certi
1294 333 1421 361 sumus,
1451 325 1486 355 ab
1515 325 1661 361 analogica

151 386 204 414 hac
232 382 449 411 ratiocinatione
475 388 558 410 omne
585 379 724 409 auxilium
757 378 909 414 petendum
940 383 992 406 est.
1041 376 1264 413 Comparatione
1295 377 1368 405 enim
1395 376 1544 412 signorum
1580 381 1665 403 casus

151 436 299 473 cujusdam
317 434 446 470 cogniti,
465 441 529 461 cum
546 431 635 469 signis
650 439 736 460 casus
753 428 914 465 incogniti,
935 434 1009 456 recte
1022 434 1132 456 tantum
1150 428 1301 456 conclusio
1318 427 1469 464 procedit,
1483 433 1578 455 utrum
1597 432 1666 453 con-

150 487 265 515 veniant
288 486 402 520 indole,
420 493 456 514 an
473 483 623 519 differant,
644 488 672 511 et
691 482 775 520 juxta
795 481 868 509 hanc
889 479 1107 509 conclusionem
1132 479 1299 508 methodum
1323 477 1452 506 medendi
1475 477 1597 506 similem
1619 476 1667 506 ad-

151 538 301 572 hibemus,
323 543 372 565 aut
393 536 546 565 diversam.

190 590 305 627 Quanta
327 594 420 617 autem
443 587 560 616 Medico
582 594 658 623 opus
684 585 722 614 sit
742 584 893 621 prudentia
916 585 946 613 in
969 584 1130 613 adhibendo
1154 583 1303 612 ratiocinio
1329 583 1497 619 analogice,
1527 568 1591 610 inde
1618 590 1671 618 pa-

152 647 193 669 tet
228 641 308 676 quod
339 648 398 669 non
425 648 515 675 parvo
548 638 680 675 profecto
706 636 813 673 ingenii
835 636 981 671 acumine,
1004 635 1034 663 in
1056 635 1171 663 casibus
1200 635 1234 663 ad
1251 635 1417 670 adspectum
1439 633 1666 667 consimilibus,

152 693 323 728 deteguntur
342 690 513 719 differentiae
538 690 672 725 quaedam
697 687 883 722 essentiales,
913 694 1032 722 quarum
1059 692 1153 713 tamen
1185 684 1288 713 notitia
1317 684 1433 712 maximi
1460 684 1599 712 censenda
1624 689 1669 711 est

154 742 311 777 momenti,
333 748 388 770 tam
410 741 445 769 ad
467 740 663 777 cognitionem
686 739 780 776 ipsius
796 737 910 772 morbi,
934 745 1018 772 quarn
1040 737 1075 765 ad
1095 737 1157 773 ejus
1180 735 1298 764 curandi
1322 732 1488 763 methodum
1512 735 1569 771 (η
1580 736 1607 771 ).

192 793 269 822 Nam
297 793 354 822 nisi
378 798 516 827 constet,
545 800 614 821 num
645 790 758 827 singula
789 796 838 818 aut
866 789 966 817 saltem
997 788 1147 824 praecipua
1175 795 1261 816 casus
1290 787 1439 824 cujusdam
1478 787 1673 822 phaenomena

155 845 330 874 conveniant
353 853 419 873 cum
440 844 520 880 illis,
543 852 615 879 quae
633 850 718 871 casus
743 840 845 876 offert,
879 848 1007 875 quocum
1031 838 1198 873 confertur,
1228 838 1380 867 conclusio
1412 838 1465 867 erit
1488 838 1671 874 imperfecta,

156 904 208 925 nec
230 896 300 932 quid
323 895 393 924 certi
424 895 558 923 affirmare
583 893 743 930 poterimus
764 893 799 920 de
831 890 1018 920 similitudine
1048 898 1169 919 casuum
1199 895 1248 918 aut
1271 888 1440 918 differentia.
1484 909 1502 924 ‚‚
1521 889 1674 927 Quidquid

156 967 175 984 ,‚
195 947 294 977 enim”
315 947 466 985 Baglivins
490 947 587 982 inquit
609 966 627 982 ,‚
643 945 673 974 in
693 960 730 967 —-
749 943 894 973 Medicina
914 956 952 965 -
972 941 1178 970 adinvenerunt
1200 948 1251 976 per
1272 940 1481 977 analogismum
1501 957 1540 962 —-
1561 949 1610 977 per
1630 940 1672 969 in-

156 1019 175 1034 „
196 998 361 1027 ductionem
382 998 588 1027 adinvenerunt
608 1005 642 1026 ex
663 997 771 1033 integra
793 993 915 1032 partium
941 993 1152 1023 enumeratione
1172 991 1319 1020 factam.''

194 1049 263 1078 Tria
287 1058 354 1086 ergo
379 1048 542 1085 principia,
573 1048 701 1084 quibus,
730 1045 887 1074 secundum
918 1044 1099 1081 Empiricos,
1131 1043 1224 1072 omnis
1252 1042 1369 1072 scientia
1390 1049 1418 1072 et
1439 1043 1534 1079 praxis
1558 1042 1673 1072 Medica

151 1100 357 1137 componitur,
387 1100 569 1128 fundamenta
595 1098 729 1135 praebent
758 1103 873 1126 nostrae
895 1095 1107 1124 Indicationtun
1129 1095 1289 1125 doctrinae.
1328 1095 1431 1124 Iisdem
1459 1095 1532 1124 enim
1554 1102 1581 1123 et
1602 1095 1671 1123 haec

154 1152 297 1188 fulcitur,
324 1159 370 1187 et,
404 1152 510 1180 sinon
534 1151 659 1186 unicus,
685 1150 860 1187 praecipuus
890 1154 966 1176 certe
995 1147 1156 1175 Medicinae
1176 1147 1244 1176 fons
1278 1147 1370 1175 eadem
1400 1147 1468 1175 haec
1501 1150 1545 1175 est
1573 1145 1676 1181 Empi-

152 1202 193 1231 ria
214 1212 302 1238 sana,
324 1211 390 1231 cum
414 1211 429 1231 a
456 1203 517 1232 sola
541 1209 653 1231 tantum
677 1200 849 1237 experientia
869 1199 991 1227 remedia
1022 1199 1057 1226 ad
1080 1199 1247 1227 morborum
1275 1199 1437 1227 curationes
1460 1198 1579 1234 petenda
1602 1198 1673 1226 sint.

152 1254 300 1283 Differunt
321 1262 416 1284 tamen
440 1255 514 1283 inter
535 1263 564 1283 se
587 1253 717 1289 Empiria
743 1258 771 1280 et
792 1251 1003 1281 Indicationum
1025 1248 1166 1278 doctrina.
1206 1249 1288 1278 Prior
1307 1250 1402 1285 enim,
1431 1258 1504 1285 quae
1531 1257 1613 1277 sanae
1632 1256 1675 1276 ra-

151 1305 240 1334 tionis
263 1315 319 1334 usu
343 1305 461 1345 omnino
481 1313 574 1334 carere
598 1313 657 1334 non
681 1309 799 1343 potest-3
829 1308 863 1330 ut
887 1310 987 1337 nempe
1020 1301 1210 1330 observentur
1240 1301 1365 1329 cautelae
1392 1300 1583 1335 necessariae,
1610 1306 1674 1328 tum

155 1358 252 1393 quoad
269 1366 318 1392 ea,
340 1365 414 1393 quae
432 1365 447 1384 a
471 1357 623 1390 sensibus,
646 1361 707 1384 tum
736 1354 832 1390 quoad
853 1362 900 1388 ea,
923 1360 996 1389 quae
1018 1360 1033 1380 a
1055 1350 1250 1386 testimoniis,
1273 1357 1333 1379 tum
1357 1352 1480 1388 denique
1507 1352 1602 1386 quoad
1623 1359 1675 1384 ea,

155 1416 229 1443 quae
245 1416 260 1436 a
280 1407 432 1436 ratiocinio
452 1407 601 1443 analogico
618 1412 777 1442 petuntur;
799 1404 939 1440 proponit
956 1404 1068 1439 regulas
1097 1403 1131 1430 ab
1155 1402 1326 1438 experientia
1346 1401 1401 1430 fida
1424 1402 1549 1437 petitas,
1575 1409 1676 1429 secun-

155 1458 225 1486 dum
249 1465 320 1493 quas
344 1457 491 1485 Medicum
517 1464 596 1493 agere
621 1461 735 1492 oportet
763 1455 793 1482 in
821 1454 938 1483 casibus
969 1454 1076 1482 obviis.
1117 1454 1163 1483 Ita
1183 1462 1214 1482 v.
1240 1461 1269 1489 g.
1296 1452 1442 1481 MedIcina
1464 1452 1609 1488 Empirica
1628 1452 1677 1488 ju.

155 1509 222 1543 bet‚
244 1508 355 1537 homini
379 1507 531 1545 pleuritide
552 1506 691 1536 laboranti
721 1513 823 1534 venam
858 1513 970 1540 secare,
1001 1511 1078 1534 certo
1104 1504 1198 1533 morbi
1231 1511 1375 1540 tempore,
1402 1511 1535 1540 certaque
1566 1504 1671 1540 copia;

155 1568 216 1590 non
230 1567 323 1590 autem
339 1559 476 1590 rationem
500 1558 610 1595 reddit,
635 1566 688 1587 cur
706 1557 755 1586 illa
776 1556 955 1586 venaesectio
975 1556 1032 1585 hoc
1053 1562 1199 1592 tempore,
1221 1556 1272 1585 hac
1295 1555 1399 1592 copia,
1423 1555 1554 1584 instituta
1578 1563 1676 1592 aegro·

1615 1612 1678 1633 tan·

181 1701 251 1728 (n)
265 1700 320 1724 Vld.
339 1702 420 1730 Caluus,
438 1700 462 1722 da
483 1700 574 1728 Medic„
599 1700 672 1723 Praef.
696 1700 725 1722 nd
746 1699 806 1721 Libr.
821 1699 840 1722 1.
870 1713 888 1726 ‚,
902 1699 1027 1724 Aegrorum
1047 1697 1125 1722 enim,
1146 1697 1186 1723 qul
1209 1695 1258 1719 sine
1279 1694 1378 1719 MedIcis
1400 1699 1477 1720 erant,
1499 1693 1555 1716 alios
1578 1699 1674 1721 propter

152 1757 172 1771 „
187 1742 318 1765 miditatem
334 1743 412 1770 primis
428 1742 507 1764 diebus
523 1742 625 1769 protinus
640 1742 716 1764 cibum
732 1741 895 1768 assumpsisse,
917 1739 972 1761 alios
990 1745 1083 1766 propter
1098 1738 1213 1761 fastidium
1229 1738 1377 1764 abstinuisse,
1393 1735 1534 1762 levattunque
1551 1735 1620 1761 magis
1635 1741 1676 1757 eo-

153 1796 171 1812 „
186 1789 236 1805 rum
252 1784 355 1805 morbum
371 1784 456 1807 suisne,
471 1785 508 1810 qui
524 1783 683 1805 abstinuerant.
700 1793 728 1801 —
744 1783 805 1804 Hnec
819 1781 961 1808 similiaque,
978 1786 1028 1802 cum
1045 1779 1148 1806 quotidie
1162 1778 1299 1805 inciderent,
1316 1779 1435 1803 diligentes
1452 1777 1553 1798 homines
1569 1782 1675 1804 notasse,

154 1838 172 1852 ,,
188 1830 245 1851 quae
261 1826 392 1852 pierumque
409 1825 488 1846 melius
504 1826 686 1852 responden-enm
701 1823 782 1846 deinde
796 1823 962 1849 aegrotantibus
978 1828 1004 1843 ea
1021 1821 1151 1848 praecipere
1167 1821 1280 1847 coepisse.
1311 1820 1347 1841 Sic
1363 1818 1500 1840 Medicinam
1519 1823 1603 1844 ortam,
1622 1818 1675 1838 sub-

149 1866 234 1892 „inde
261 1865 355 1888 aliorum
377 1868 463 1894 salute,
483 1867 578 1889 allorum
600 1866 708 1892 interitu,
729 1865 860 1893 peruiciosa
875 1867 1040 1890 discernentem
1057 1868 1068 1884 a
1085 1862 1247 1885 salutaribus.”
1278 1861 1347 1883 Conf.
1371 1861 1536 1885 Zia-marmana,
1558 1859 1590 1881 lib
1611 1859 1674 1881 laud.

157 1907 209 1929 Lib.
224 1908 261 1929 lv,
283 1908 310 1929 C.
326 1912 347 1929 2.
370 1914 420 1934 pag.
435 1907 486 1934 27⁶·

186 1948 284 1976 (12)‚‚‚
300 1948 332 1970 ita
348 1950 425 1975 onim,
430 1948 444 1957 ''
460 1949 533 1976 inquit
547 1949 607 1970 idern
624 1949 745 1976 Bagllw'm,
766 1949 781 1969 1.
796 1949 814 1969 Ι.
835 1949 891 1974 Cap.
905 1947 942 1968 Vl.
965 1945 1049 1970 lnped
1065 1945 1212 1971 111.§1.‚,
1229 1941 1392 1969 argumentatio
1413 1947 1424 1962 u
1446 1939 1532 1966 simili,
1553 1939 1621 1962 sicuti
1642 1940 1675 1963 fs-

155 2004 173 2017 „
189 1988 256 2022 §mor
272 1989 370 2012 omniurn
386 1995 433 2017 cst,
449 1990 492 2017 iu,
507 1991 525 2012 si
542 1990 618 2013 debite
633 1996 680 2013 non
695 1989 841 2016 instituatur,
856 1987 952 2010 caeteris
968 1986 1073 2007 onnnbus
1090 1985 1219 2007 fallaciores
1239 1983 1333 2006 deducit
1350 1980 1531 2004 conclusiones:

989 2025 1055 2062 C3
