1913 2427
325 142 804 175 DISSERTATIO
868 144 1415 183 PHILosolecm
1582 152 1625 192 Ἰιι

116 251 136 268 ,,
155 231 246 269 {elligi
264 238 380 261 necesse
396 236 441 259 est
466 230 495 259 in
517 230 589 267 ipsis
615 231 715 266 rebus,
746 235 818 266 quae
830 231 982 261 discuntur
1008 241 1036 263 et
1060 242 1282 273 cognoscuntur
1309 236 1493 267 invitamenta
1515 238 1626 276 inesse,

115 303 137 320 ,‚
157 283 265 320 quibus
285 282 320 310 ad
341 281 508 310 discendum
527 283 820 318 cognoscendumque
843 290 1015 316 moveamur.
1056 287 1100 315 Ac
1126 293 1236 317 veteres
1262 288 1376 324 quidem
1404 289 1574 327 Philosophi
1598 291 1628 321 in

113 355 134 371 „
152 334 300 362 beatorum
325 331 430 361 insulis
451 332 583 370 fingunt,
611 333 704 369 qualis
725 339 823 362 natura
852 333 890 362 sit
919 335 977 364 vita
1001 337 1193 376 sapientium,
1225 348 1300 376 quos
1333 349 1400 369 cura
1424 342 1502 369 omni
1528 341 1627 372 libera-

113 405 132 421 „
148 391 215 421 tos,
235 385 348 414 nullum
366 384 556 413 necessarium
579 384 653 416 vitae
672 385 782 413 cultum
810 391 859 413 aut
887 395 1013 422 paratum
1039 389 1235 427 requirentes,
1259 391 1332 420 nihil
1355 392 1433 420 aliud
1461 401 1522 421 esse
1547 400 1627 423 actu.

100 443 131 472 ·„
151 445 200 465 ros
225 442 357 474 putant,⁸
376 435 433 464 nisi
462 442 495 467 ut
523 443 607 465 omne
629 442 744 472 tempus
773 435 802 465 in
832 440 992 473 quaerendo
1018 449 1050 469 ac
1080 442 1237 478 discendo,
1266 443 1295 472 in
1319 450 1435 473 naturae
1459 445 1627 482 cognitione

110 509 130 525 ,‚
148 494 328 517 consumant.
352 517 354 519 ,
377 487 443 516 Nos
465 494 558 516 autem
583 496 642 516 non
671 488 764 516 solum
798 488 895 518 beatae
922 489 995 519 vitae
1022 491 1105 520 istam
1138 493 1358 524 oblectationem
1392 496 1542 533 videmus,
1569 498 1621 527 sed

108 561 130 578 „
150 539 233 568 etiam
258 540 448 570 'levamentum
473 539 662 570 miseriarum.
708 539 810 574 Itaque
841 541 947 577 multi,
971 551 1036 572 cum
1064 544 1093 573 in
1117 552 1261 581 potestate
1288 554 1383 576 essent
1400 547 1552 585 hostium,
1574 554 1624 578 aut

108 613 129 630 η
149 598 353 629 tyrannorum,
376 591 459 619 multi
480 591 510 619 in
531 591 679 626 custodia,
709 591 792 619 multi
815 591 845 620 in
866 593 972 629 exilio,
999 596 1126 624 dolorem
1150 606 1234 626 suum
1249 598 1396 628 doctrinae
1419 600 1526 629 studiis
1546 601 1621 630 leva.

107 663 128 681 „
147 649 261 673 verunt.
274 660 311 664 —
328 642 468 671 Somnum
487 642 609 678 denique
621 642 726 678 nobis,
745 642 800 671 uisi
816 644 968 678 requietem
985 648 1132 681 quamdam
1150 648 1256 677 laboris
1274 649 1402 686 afferret,
1422 658 1520 680 contra
1538 658 1621 680 natu-

102 717 126 733 „
147 705 203 725 ram
228 684 393 738 putaremus
417 696 532 731 datum;
554 695 647 724 aufert
668 695 741 724 enim
766 704 889 732 sensus,
914 698 1114 734 actionemque
1138 699 1216 728 tollit
1239 709 1350 730 omnem
1402 702 1503 738 Itaque
1525 703 1549 730 si
1574 710 1624 731 aut

100 767 126 786 Ἢ
145 747 299 784 requietem
325 753 424 776 natura
446 755 505 775 non
529 753 692 782 quaereret,
713 754 761 775 aut
784 756 841 776 eam
867 755 966 784 posset
990 749 1042 777 alia
1065 750 1184 785 quadam
1217 752 1325 781 ratione
1351 753 1510 788 consequi,
1539 752 1624 782 facile

100 805 319 836 „pateremurt
351 799 401 834 qui
426 798 508 826 etiam
533 806 629 834 nunc,
659 798 758 834 agendi
780 797 890 834 aliquid
909 798 1096 835 discendique
1118 810 1221 838 causa,
1247 812 1338 840 prope
1362 811 1460 833 contra
1490 811 1619 834 naturam

104 869 126 886 „
144 850 257 887 vigilias
277 850 423 886 suscipere
444 850 584 878 soleamus
601 849 665 886 (ib.
682 857 711 878 c.
729 858 772 886 19.
784 850 811 887 ).
847 848 923 878 Sunt
938 857 1030 880 autem
1053 852 1190 888 clariora,
1210 855 1256 883 vel
1273 855 1358 890 plane
1376 856 1545 892 perspicua,
1567 865 1620 887 nec

103 923 124 940 „
143 903 318 939 dubitanda,
346 903 426 932 initia
446 910 584 939 naturae,
614 903 734 932 maxime
759 903 868 932 scilicet
886 903 915 932 in
938 904 1073 939 homine,
1096 905 1144 933 sed
1168 905 1196 933 in
1223 906 1301 934 omni
1322 908 1460 942 animali,
1483 915 1515 936 ut
1533 917 1618 944 appe-

89 952 124 992 ',‚
144 961 186 984 tat
214 955 325 984 animus
355 954 464 990 aliquid
494 962 574 992 agere
607 963 735 991 semper,
767 963 818 984 uec
846 955 904 983 ulla
931 955 1100 984 conditione
1130 956 1252 991 quietem
1287 959 1486 994 sempiternam
1522 960 1620 996 possit

103 1025 122 1042 „
142 1005 211 1042 pati.
251 1004 347 1034 Facile
368 1012 411 1034 est
431 1006 487 1035 hoc
509 1014 621 1035 cernere
645 1006 674 1034 in
698 1006 798 1043 primis
823 1014 977 1042 puerorum
994 1006 1137 1036 aetatulis.
1157 1024 1194 1030 -
1215 1008 1353 1037 Videmus
1378 1010 1465 1046 igitur
1496 1018 1527 1039 ut
1550 1020 1620 1041 con-

105 1077 125 1094 „
146 1057 291 1092 quiescere
312 1065 347 1086 ne
365 1057 488 1086 infantes
514 1058 627 1093 quidem
651 1058 785 1094 possint,
814 1065 879 1086 cum
907 1066 974 1086 vero
1005 1058 1123 1093 paulum
1147 1060 1357 1096 processerint,
1388 1061 1553 1092 lusionibus
1570 1063 1615 1092 vel

101 1107 297 1145 „laboriosis
325 1108 519 1144 delectantur,
548 1116 581 1138 ut
611 1117 647 1137 ne
677 1108 846 1138 verberibus
874 1109 988 1145 quidem
1021 1109 1153 1138 deterreri
1183 1111 1324 1147 possint:
1359 1121 1446 1149 eaque
1474 1114 1619 1150 cupiditas

101 1179 122 1197 ,‚
143 1159 243 1197 agendi
266 1159 375 1196 aliquid
399 1159 538 1188 adolescit
560 1168 617 1189 una
642 1168 707 1189 cum
737 1160 888 1190 aetatibus.
929 1160 1047 1196 Itaque,
1069 1168 1105 1189 ne
1128 1161 1153 1189 si
1175 1163 1397 1198 jucundissimis
1426 1165 1538 1200 quidem
1564 1174 1619 1195 nos

101 1230 121 1248 ,‚
142 1211 262 1240 somniis
285 1219 391 1240 usuros
416 1218 571 1248 putemus,
593 1211 780 1249 Endymionis
804 1220 938 1241 somnum
955 1212 1041 1241 nobis
1069 1212 1191 1242 velimus
1216 1214 1296 1250 dari,
1318 1215 1406 1251 idque
1433 1216 1458 1244 si
1480 1217 1613 1253 accidat,

100 1282 122 1300 „
141 1262 242 1292 mortis
270 1262 360 1291 instar
378 1268 525 1299 putemus.
564 1263 645 1302 Quin
673 1262 756 1292 etiam
790 1263 985 1293 inertissimos
1016 1263 1165 1299 homines,
1190 1265 1290 1294 nescio
1317 1274 1373 1302 qua
1403 1267 1541 1306 singulari
1565 1276 1614 1297 ne-

99 1335 119 1353 „
140 1314 232 1352 quitia
255 1314 420 1351 praeditos,
441 1315 571 1343 videmus
593 1321 687 1344 tamen
710 1321 737 1344 et
755 1314 849 1344 animo
864 1321 891 1344 et
908 1323 1029 1351 corpore
1046 1315 1154 1344 moveri
1173 1325 1302 1353 semper,
1324 1324 1370 1353 et,
1392 1327 1458 1347 cum
1486 1327 1515 1347 re
1534 1320 1615 1349 nulla

98 1366 330 1404 „impediantur
353 1366 528 1402 necessaria,
558 1372 608 1395 aut
637 1366 781 1395 alveolum
811 1375 933 1404 poscere
952 1388 962 1403 ,
999 1374 1049 1396 aut
1077 1376 1208 1403 quaerere
1233 1369 1393 1405 quempiam
1418 1371 1534 1405 ludum,
1563 1377 1615 1400 aut

97 1438 118 1455 x
139 1425 296 1447 sermonem
318 1417 441 1453 aliquem
465 1417 626 1454 requirere3
647 1426 773 1454 cumque
793 1427 853 1448 non
880 1419 1003 1447 habeant
1027 1419 1166 1455 ingenuas
1197 1428 1230 1448 ex
1252 1426 1351 1449 natura
1384 1420 1612 1457 oblectationes,

98 1490 118 1507 „
137 1469 263 1498 circulos
296 1468 411 1503 aliquos
442 1474 470 1496 et
497 1469 694 1498 sessiunculas
722 1470 894 1498 consectari.
944 1468 991 1498 Ne
1016 1469 1125 1498 bestiae
1153 1470 1290 1505 quidem,
1315 1479 1387 1506 quas
1413 1471 1613 1502 delectationis

96 1541 117 1558 „
136 1529 223 1550 causa
252 1519 473 1555 concludimus,
502 1528 568 1548 cum
595 1521 744 1557 copiosius
769 1522 900 1557 alantur,
931 1528 1016 1557 quam
1042 1520 1066 1548 si
1086 1527 1183 1549 essent
1212 1521 1329 1556 liberae,
1351 1521 1437 1550 facile
1462 1522 1614 1558 patiuntur

96 1593 116 1609 „
137 1579 199 1600 sese
223 1570 382 1606 contineri,
413 1577 569 1607 motusque
595 1572 709 1601 solutos
741 1578 768 1600 et
798 1581 888 1609 vagos
911 1581 926 1600 a
950 1578 1049 1601 natura
1075 1571 1131 1601 sibi
1153 1570 1278 1600 tributos
1305 1573 1464 1608 requirunt.
1512 1573 1611 1610 ltaque

95 1643 114 1660 „
134 1629 166 1652 ut
186 1622 312 1658 quisque
333 1623 443 1658 optime
462 1628 548 1650 natus
575 1623 787 1659 institutusque
811 1629 875 1659 est,
903 1631 966 1652 esse
989 1623 1107 1652 omnino
1139 1622 1215 1651 nolit
1242 1623 1271 1652 In
1301 1625 1382 1659 vita,
1410 1624 1454 1660 si,
1480 1625 1609 1661 gerendis

95 1694 115 1711 „
134 1674 259 1711 negotiis
283 1672 423 1708 orbatus,
450 1673 546 1709 possit
576 1674 763 1709 paratissimis
794 1673 873 1703 vesci
895 1674 1109 1710 voluptatibus.
1149 1673 1242 1709 Nam,
1266 1680 1316 1703 aut
1339 1675 1470 1711 privatim
1497 1676 1608 1712 aliquid

97 1745 117 1763 ,θ
137 1733 230 1763 gerere
255 1725 385 1759 malunt,
414 1730 484 1756 aut.
509 1724 561 1760 qui
580 1725 680 1754 altiore
703 1725 798 1754 animo
818 1732 905 1760 sunt,
926 1731 1080 1762 capessunt
1105 1733 1215 1761 remp.,
1238 1725 1398 1755 honoribus
1425 1726 1613 1764 imperiisque

79 1774 116 1813 ’Ἃ
137 1775 348 1813 adipiscendis,
371 1781 419 1803 aut
443 1781 522 1804 totos
548 1784 578 1804 se
600 1776 635 1804 ad
658 1776 752 1806 studia
778 1777 925 1805 doctrinae
952 1776 1115 1805 conferunt.
1156 1775 1221 1813 Qua
1243 1775 1272 1804 in
1302 1776 1360 1805 vita
1387 1784 1498 1807 tantum
1528 1780 1609 1810 abest

94 1847 115 1864 „
136 1834 169 1855 ut
190 1827 354 1862 voluptates
375 1832 596 1861 consectentur,
618 1827 701 1856 etiam
722 1836 824 1863 curas,
846 1827 1081 1862 sollicitudines,
1111 1827 1224 1864 vigilias
1247 1827 1415 1865 perferunt;
1444 1830 1612 1867 optimaque

96 1899 115 1915 „
135 1883 213 1914 parte
231 1876 377 1912 hominis,
407 1885 479 1912 quae
505 1877 532 1906 in
562 1878 648 1907 nobis
669 1878 765 1907 divina
785 1879 913 1907 ducenda
936 1884 998 1914 est,
1027 1878 1134 1914 ingenii
1158 1884 1186 1906 et
1213 1878 1316 1907 mentis
1341 1879 1420 1916 acie,
1445 1880 1605 1918 fruuntur,

96 1949 116 1965 „
135 1937 187 1958 nec
212 1928 388 1962 voluptatem
413 1929 608 1965 requirentes,
635 1938 686 1958 nec
714 1929 856 1966 fugientes
885 1929 1022 1958 laborem.
1064 1929 1125 1958 Nec
1151 1937 1218 1958 vero
1242 1930 1455 1967 intermittunt,
1485 1939 1534 1961 aut
1557 1933 1605 1962 ad·

97 2000 116 2017 ,‚
135 1979 311 2009 mirationem
337 1986 430 2008 earum
456 1986 568 2017 rerum,
596 1989 668 2017 quae
691 1988 758 2011 sunt
781 1981 815 2010 ab
841 1981 969 2016 antiquis
994 1987 1136 2018 repertae,
1163 1986 1213 2010 aut
1239 1980 1489 2019 investigationem
1519 1992 1608 2012 nova.

929 2032 950 2061 F
1527 2042 1610 2072 rum,
