1913 2427
236 144 279 178 ffo
583 146 609 177 J.
698 144 1412 179 R.T110R13ECKE

241 255 259 270 ,,
280 233 370 263 initiis
398 239 533 269 naturae,
563 239 591 261 et
615 233 707 262 totius
733 230 910 269 perfectione
933 231 1026 265 vitae,
1059 232 1260 269 locupletatam
1292 232 1410 263 videbit.
1450 232 1538 272 Quod
1559 241 1593 263 eo
1616 232 1761 270 liquidius-

245 308 263 323 „
285 286 385 322 saciet,
407 286 434 315 si
449 285 645 323 perspexerit,
667 293 757 313 rerum
779 283 851 312 inter
870 292 937 318 eas,
958 284 1147 313 verborumne
1165 284 1204 312 sit
1219 284 1449 313 controversia.”
1475 288 1526 320 (c.
1549 288 1620 324 13.)
1659 285 1765 324 Huius·

242 337 413 376 (rationis)
442 359 459 373 ‚‚
479 346 531 374 ego
556 346 633 366 nunc
655 336 851 366 auctoritatem
882 344 1024 371 sequens,
1053 337 1123 365 idem
1147 336 1265 365 faciam:
1294 343 1431 373 quantum
1457 337 1530 366 enim
1560 344 1680 374 potero,
1709 336 1767 366 mi·

246 409 264 425 „
284 398 368 418 nuarn
393 389 612 418 contentiones:
637 397 795 423 omnesque
819 388 965 423 simplices
988 388 1142 417 sententias
1168 396 1285 423 corum,
1313 388 1342 417 in
1368 388 1475 425 quibus
1504 389 1583 418 nulla
1605 389 1681 418 inest
1703 389 1767 418 vir-

247 460 266 477 „
286 442 358 469 tutis
382 441 545 478 adjunctio,
566 440 686 469 omnino
710 449 725 468 a
749 439 936 476 Philosophia
959 440 1149 468 demovendas
1173 439 1294 476 putabo.
1305 439 1324 451 ’'

284 491 329 520 Ex
351 491 395 520 his
411 492 571 520 luculenter
583 497 718 528 apparet,
737 491 881 520 Ciceronis
905 491 1070 520 sententiam
1095 497 1143 519 aut
1164 499 1227 519 esse
1249 491 1434 526 Stoicorum,
1462 498 1512 520 aut
1539 497 1663 521 veterum
1689 492 1766 520 Aca-

246 542 437 578 demicorum,
469 550 517 571 aut
550 542 822 579 Peripateticorum:
852 551 926 579 quos
957 542 1031 571 duos
1065 541 1237 578 posteriores
1268 542 1435 572 nominibus
1468 542 1597 578 differre,
1631 550 1660 571 re
1691 549 1762 570 con-

246 603 363 632 gruere,
392 604 547 632 eorumque
575 596 605 625 in
631 595 820 632 Philosophia
849 603 924 624 certe
952 594 1051 623 morali
1076 602 1159 622 unam
1181 593 1363 629 eamdemque
1391 602 1454 622 esse
1476 593 1652 628 doctrinam,
1682 599 1762 622 antea

245 648 301 684 jam
324 647 450 678 ostendi.
499 648 598 684 Itaque
626 647 698 676 duae
726 653 838 676 tantum
873 646 1093 683 relinquuntur,
1121 654 1137 674 e
1161 645 1268 682 quibus
1300 652 1390 675 utram
1420 654 1538 676 secutus
1563 646 1601 674 sit
1629 645 1761 680 Tullius,

249 699 379 735 quaestio
404 698 566 728 intercedit.

284 750 340 779 Sed
362 759 397 779 ne
421 750 524 779 horum
546 749 660 786 quidem
682 758 711 778 re
733 750 820 785 duas,
841 749 956 778 nomine
976 754 1107 783 tantum,
1128 757 1193 777 esse
1212 749 1388 785 sententias,
1409 750 1577 787 pugnaciter
1601 750 1700 779 Cicero
1720 750 1768 779 de-

247 801 356 838 fendit,
377 802 572 837 contendens,
605 802 841 831 Academicorum
868 808 995 830 veterum
1018 807 1046 829 et
1070 800 1324 836 Peripateticorum
1347 809 1412 829 cum
1443 801 1570 836 stoicis,
1596 802 1630 830 de
1650 811 1765 831 summo

248 853 352 888 bono,
380 862 439 882 non
469 862 561 882 rerum
596 855 644 883 sed
673 854 825 883 verborum
854 862 917 882 esse
948 853 1189 882 controversiam.
1240 852 1316 881 Haec
1345 853 1371 882 si
1401 853 1568 882 confirmata
1595 853 1765 890 videamus,

249 905 397 940 quaestio,
419 913 492 941 quae
518 905 591 933 inter
611 911 667 934 tres
692 905 844 934 sententias
868 905 981 940 fut-rat,
1010 905 1046 933 ad
1067 913 1153 933 unam
1177 905 1331 940 perducta,
1363 904 1449 933 dubia
1470 911 1570 934 nostra
1590 906 1626 934 de
1649 905 1765 942 placitis

250 955 394 983 Ciceronis
416 956 522 992 majore
545 965 578 985 ex
598 963 676 994 parte
698 956 857 986 sustulerit.

290 1027 308 1039 „
330 1006 493 1035 Carneades
503 1007 520 1018 ”
539 1008 595 1045 iam
626 1027 643 1043 ‚,
665 1016 790 1044 pugnare
808 1016 867 1036 non
887 1008 1018 1044 destitit,
1047 1008 1075 1037 in
1100 1007 1177 1037 omni
1201 1007 1254 1036 hac
1280 1007 1466 1043 quaestione,
1488 1016 1560 1045 quae
1581 1009 1614 1037 de
1637 1008 1723 1038 bonis
1741 1016 1773 1038 et·

257 1077 274 1092 ,‚
295 1057 375 1086 malis
399 1059 577 1094 appelletur,
607 1068 666 1088 non
686 1067 748 1088 esse
769 1067 859 1088 rerum
885 1060 993 1088 Stoicis
1018 1068 1084 1099 cum
1106 1058 1302 1095 Peripateticis
1327 1060 1574 1095 controversiam,
1603 1061 1652 1089 sed
1677 1061 1771 1090 nomi·
1811 1054 1814 1055 ⁷

255 1129 272 1143 ,,
294 1117 378 1137 num:
410 1109 469 1146 (de
498 1110 565 1138 Fin.
588 1110 640 1139 111.
665 1112 737 1148 ω.)
767 1112 845 1146 quod
868 1111 941 1139 idem
965 1111 1078 1140 censuit
1098 1111 1257 1140 Antiochus
1283 1110 1343 1148 (de
1375 1111 1454 1141 Nat.
1484 1111 1521 1141 D.
1546 1111 1566 1140 Ι.
1590 1113 1662 1149 7.);
1692 1120 1769 1148 quos

255 1180 273 1194 „
294 1167 410 1189 secutus
430 1162 547 1197 Cicero,
569 1162 681 1191 incusat
701 1163 834 1197 Stoicos,
858 1163 936 1198 quod
957 1163 996 1191 ita
1017 1163 1140 1191 obscure
1157 1163 1333 1199 loquantur3
1355 1162 1441 1198 dum,
1466 1164 1574 1191 easdem
1598 1171 1640 1192 res
1657 1163 1775 1201 Peripa-‘

256 1231 274 1246 ‚‚
294 1212 390 1241 teticis
414 1213 596 1248 dicentibus,
624 1214 741 1242 verbum
764 1215 876 1242 nullum
900 1221 964 1250 est,
993 1215 1073 1250 quod
1094 1223 1152 1243 non
1173 1214 1389 1251 intelligatur”‚
1418 1214 1475 1251 (de
1497 1215 1564 1243 fin.
1585 1215 1636 1245 IV.
1662 1217 1713 1253 ι.)
1741 1222 1770 1245 et

253 1263 426 1299 arbitratur,
450 1273 563 1293 causam
591 1265 703 1294 Zenoni
724 1274 782 1294 non
805 1266 916 1301 fuisse,
945 1275 996 1294 cur
1019 1275 1033 1294 a
1055 1265 1254 1301 superioribus
1283 1265 1450 1301 dissideret,
1478 1268 1625 1302 copiosam
1652 1268 1723 1296 satis
1745 1273 1776 1296 et

255 1315 411 1351 elegantem
429 1316 610 1352 disciplinam
634 1317 805 1345 habentibus
827 1317 884 1353 (dc
907 1318 972 1347 Fm.
997 1318 1047 1348 lV.
1072 1319 1147 1354 2.);
1177 1324 1220 1352 et,
1244 1325 1308 1346 cum
1334 1318 1520 1353 antiquorum
1544 1317 1690 1354 doctrina,
1712 1320 1774 1355 pla-

256 1366 324 1394 citis
344 1367 509 1396 Stoicorum
532 1368 666 1403 collatis,
688 1369 755 1406 (ib.
777 1369 826 1398 lv.
851 1379 867 1397 2
886 1385 922 1390 ——-
942 1371 1010 1403 ιο.)
1033 1369 1136 1403 efficit,
1160 1368 1322 1403 Zamam,
1351 1377 1417 1397 curn
1442 1369 1513 1397 idem
1537 1369 1671 1405 sentiret,
1693 1371 1774 1406 quod

256 1417 359 1451 ceteri,
381 1417 489 1453 quihus
512 1419 596 1447 rebus
619 1421 741 1448 eamdem
759 1420 816 1448 vim
842 1420 996 1455 tribueret,
1018 1421 1071 1449 alia
1087 1421 1203 1449 nomina
1229 1420 1422 1456 imposuisse,
1452 1420 1536 1448 verba
1559 1421 1646 1449 modo
1668 1427 1776 1450 mutas-

256 1476 306 1503 se,
327 1469 361 1497 de
377 1469 564 1506 opinionibus
581 1471 652 1499 nihil
670 1472 824 1500 detraxisse
849 1471 913 1507 (ib,
936 1471 989 1500 IV.
1011 1473 1086 1509 9.);
1108 1479 1178 1507 seu,
1201 1478 1231 1499 ut
1248 1472 1311 1499 Plso
1327 1471 1532 1507 Peripateticus
1558 1471 1619 1508 (ib.
1643 1472 1678 1502 V.
1702 1475 1774 1509 25.)

259 1539 277 1555 ‚,
297 1520 389 1548 Stoici
415 1521 526 1557 quidem
537 1521 569 1556 ,’'
597 1522 713 1557 inquit,
744 1531 830 1557 „non
855 1532 937 1551 unam
959 1523 1082 1558 aliquam
1104 1529 1153 1551 aut
1176 1524 1288 1551 alteram
1316 1532 1331 1551 a
1353 1523 1458 1558 nobis,
1489 1524 1536 1551 sed
1562 1529 1650 1552 totam
1682 1524 1715 1553 ad
1745 1531 1776 1554 se

260 1591 277 1605 „
298 1578 423 1600 nostram
448 1573 660 1610 Philosophiam
684 1576 905 1604 transtulerunt:
930 1582 1034 1610 atque,
1058 1582 1089 1603 ut
1112 1574 1214 1610 reliqui
1235 1574 1331 1609 fures,
1353 1582 1448 1602 earum
1470 1583 1579 1609 rerum,
1602 1583 1673 1611 quas
1692 1584 1775 1613 cepe-

261 1643 278 1657 „
299 1630 386 1658 runt,
410 1624 490 1660 signa
515 1633 714 1661 commutant,
744 1627 785 1655 sic
811 1627 875 1662 illi,
906 1634 937 1655 ut
965 1627 1114 1656 sententiis
1144 1628 1254 1656 nostris
1286 1635 1338 1662 pro
1366 1627 1429 1656 suis
1452 1633 1619 1661 uterentur,
1641 1627 1771 1664 nomina,

261 1695 278 1710 „
300 1682 442 1712 tamquam
465 1687 556 1707 rerum
575 1686 677 1714 notas,
702 1681 921 1709 mutaverunt.”
969 1681 1033 1709 Hoc
1058 1679 1258 1709 confirmatum
1289 1678 1379 1715 magis
1406 1685 1434 1706 et
1457 1678 1626 1714 explicatum
1654 1679 1719 1713 vide
1738 1679 1774 1708 ab

260 1728 355 1755 eodem
382 1729 482 1758 Pisone
512 1730 572 1767 (de
594 1731 660 1759 Firs.
683 1731 721 1760 V.
743 1740 777 1768 29
799 1734 904 1770 sqq.).
950 1733 1044 1771 Quam
1065 1731 1231 1761 sententiam
1256 1730 1374 1766 (ἷκεν-ο,
1404 1737 1596 1767 praeterquam
1620 1729 1648 1758 in
1673 1731 1705 1759 ll.
1727 1739 1770 1761 cc.

260 1787 338 1807 suam
358 1780 439 1809 etiam
462 1782 549 1815 facit,
573 1783 607 1811 de
627 1783 719 1821 Legg.
743 1786 767 1813 1.
792 1793 836 1820 13.
860 1795 906 1814 20.
931 1794 976 1814 21.

297 1830 359 1859 Nec
385 1838 477 1862 tamen
504 1842 567 1862 vcre
591 1834 658 1863 haec
685 1835 721 1863 ita
745 1836 964 1873 intelliguntur,
990 1843 1018 1865 et
1037 1841 1111 1865 recte
1127 1835 1283 1867 dicuntur,
1309 1834 1343 1862 de
1366 1839 1426 1861 tota
1450 1832 1639 1870 Philosophia
1656 1835 1776 1870 morali,

262 1882 310 1910 sed
331 1884 491 1914 restrictius
517 1885 655 1922 imprimis
687 1888 720 1915 (lc
753 1888 799 1916 illa
825 1896 922 1924 parte,
953 1897 1025 1924 quae
1049 1889 1083 1917 de
1106 1888 1190 1917 bonis
1212 1885 1318 1920 animi,
1346 1884 1476 1920 corporis
1509 1891 1536 1912 et
1560 1885 1682 1915 cxtssmis
1702 1888 1776 1923 agit:

263 1935 341 1968 quod
375 1936 409 1962 ad
442 1943 532 1965 cetera
565 1945 656 1966 autem
687 1939 802 1971 attinet,
833 1940 966 1969 videntur
995 1941 1194 1978 Peripatetici,
1235 1960 1252 1974 „
1275 1938 1425 1967 familiares
1464 1937 1529 1972 sui,
1564 1938 1672 1974 quibus
1702 1939 1775 1969 nihil

264 2003 283 2019 ‚,
302 1983 439 2021 uberius,
468 1986 539 2016 nihil
565 1989 731 2027 eruditius,
760 1990 831 2021 nihil
860 1992 1030 2031 gravius,”
1057 1993 1163 2031 (Tusc.
1189 1991 1232 2031 Q.
1260 1991 1310 2020 111.
1343 1991 1411 2028 ιο.)
1444 1989 1533 2027 magis
1564 1989 1589 2019 ei
1613 1991 1774 2027 placuisse:

1695 2043 1782 2081 quip-
