1913 2427
234 145 257 177 6
579 145 1416 181 J.R.THORBECKE

234 240 305 261 rone
326 239 342 260 a
365 232 455 268 prima
475 231 686 267 adolescentia,
708 232 861 261 maximum
884 230 976 260 fuisse
996 231 1189 269 Eloquentiae
1210 233 1359 270 studium,
1379 235 1448 271 quis
1468 235 1606 266 miretur‘.²
1625 237 1667 266 ‘ita
1690 239 1754 274 qui-

233 284 318 319 dem,
339 289 390 319 ut,
411 292 477 312 cuin
501 283 583 312 vocis
607 290 693 319 atque
712 283 925 313 declamationis
950 284 1098 313 contentio
1128 285 1242 315 infirmo
1269 292 1296 314 et
1324 286 1421 324 gracili
1450 288 1565 324 corpori
1586 297 1686 317 nocere
1707 290 1752 319 vi-

234 334 366 370 deretur,
396 334 586 363 nihilominus
623 355 641 369 ‚,
663 334 779 370 quidvis
815 335 915 371 potius
943 335 1101 371 periculum
1136 336 1192 364 sibi
1221 337 1398 373 adeundum,
1428 347 1513 374 quam
1540 347 1555 368 a
1579 346 1688 376 sperata
1708 340 1751 369 di-

236 405 256 420 „
277 385 360 414 cendi
387 385 477 422 gloria
506 385 706 414 discedendum
735 392 861 422 putaret.
875 386 896 399 ’'
920 386 1030 422 (Brut.
1064 395 1089 415 c.
1107 389 1179 425 91.)
1228 388 1304 417 Cum
1329 396 1444 425 autem,
1473 397 1506 418 ut
1530 391 1568 419 ait
1595 391 1751 422 Plutarch.

235 437 295 474 (ej.
317 436 368 466 vit.
391 445 418 466 c.
437 437 490 474 a.)
517 436 632 473 ingenio
661 437 696 466 ad
724 446 823 467 omnes
856 437 1025 474 disciplinas
1055 438 1193 475 ferretur,
1222 448 1314 476 neque
1344 441 1501 477 quidquam
1530 441 1676 471 doctrinae
1701 449 1753 472 aut

232 488 406 517 eruditionis
432 496 523 525 genus
552 495 767 525 aspernaretur,
796 489 1030 525 praeceptoribus
1059 489 1154 518 doctis
1180 497 1252 518 usus
1277 496 1346 526 est,
1376 490 1469 527 iisque
1495 491 1614 521 Graecis
1634 513 1645 528 ,
1679 500 1755 528 quo.

237 545 303 567 rum
326 539 415 568 ductu
431 559 441 574 ,
470 539 630 576 puerilibus
660 541 765 569 studiis
789 541 896 569 relictis
913 561 922 576 ‚
952 540 982 569 in
1002 541 1221 577 Philosophiam
1253 541 1386 570 incubuit
1401 563 1412 578 ‚
1441 543 1520 578 quod
1542 542 1670 571 studium
1696 543 1756 579 (ut

234 588 298 626 ipse
328 595 449 618 testatur
479 591 511 618 in
530 589 623 619 Bruto
647 599 674 620 c.
693 593 768 629 91.)
799 613 816 627 „
837 592 894 621 sibi
920 600 1070 627 nunquam
1098 591 1293 620 intermissum
1311 613 1321 628 ‚
1350 602 1366 621 a
1390 593 1538 629 primaque
1564 593 1755 621 adolescentia.
1793 624 1799 632 ‚

235 659 256 675 ‚‚
275 640 385 668 cultum
409 646 437 668 et
459 648 569 677 semper
591 649 707 671 auctum
724 643 742 655 ’³
770 652 836 672 cum
860 643 980 672 Oratore
1003 643 1273 679 conjunctissimum
1303 652 1412 680 semper
1434 644 1619 673 existimavit.
1662 664 1680 680 „
1699 644 1755 673 Po-

237 711 255 727 „
277 690 363 719 situm
389 691 427 719 sit
452 691 612 728 inprimis'’
639 693 735 730 inquit
756 694 866 730 (Orac.
892 702 919 722 e.
945 694 997 730 4.)
1027 694 1121 728 „sine
1151 694 1337 730 philosophia
1356 702 1414 723 non
1436 703 1523 730 posse
1550 694 1640 731 effici,
1670 703 1756 730 quem

235 761 256 777 ‚‚
277 742 456 778 quaerimus,
487 743 686 778 eloquentem:
712 751 777 771 nam
801 752 852 771 nec
872 743 959 771 latius
976 764 986 779 ‚
1014 743 1265 780 nec-copiosius3
1298 746 1332 773 de
1356 745 1465 781 maguis
1492 745 1637 781 variisque
1668 745 1753 774 rebus

236 813 256 829 ‚‚
276 792 337 821 sine
358 793 546 830 philosophia
569 801 665 831 potest
688 795 842 831 quisquam
870 795 973 824 dicere.
1013 795 1076 824 Nec
1099 805 1186 831 vero,
1219 797 1282 825 sine
1311 796 1553 832 philosophorum
1582 796 1755 832 disciplina,

239 863 258 878 „
277 851 367 879 genus
389 850 416 872 et
433 844 556 880 speciem
575 846 718 882 cujusque
740 846 777 874 rei
801 855 928 882 cernere,
950 855 1044 883 neque
1064 856 1122 876 eain
1146 847 1305 876 definiendo
1328 847 1487 883 explicare,
1510 856 1560 876 nec
1578 847 1702 877 tribuere
1724 847 1755 877 in

239 914 258 930 ‚,
278 901 370 931 partes
394 904 574 932 possumus3
597 905 648 926 nec
669 897 816 933 judicare,
839 907 911 934 quae
933 907 1017 933 vera,
1039 907 1112 934 quae
1137 900 1207 927 salsa
1233 900 1311 935 sint3
1333 908 1427 935 neque
1447 908 1558 928 cernere
1579 907 1758 936 consequen-

239 963 257 981 ‚,
278 946 334 980 tia,
362 948 549 983 repugnantia
581 948 693 984 videre,
723 949 856 985 ambigua
882 949 1070 985 distinguere.
1119 950 1198 987 Quid
1225 950 1317 979 dicam
1345 951 1378 979 de
1402 957 1500 979 natura
1531 959 1640 986 rerum,
1668 951 1753 987 cujus

240 1017 259 1032 ,‚
278 997 408 1033 cognitio
437 1006 565 1034 magnam
593 1000 732 1028 orationis
761 1000 924 1036 suppeditat
946 1002 1085 1037 copiam?
1111 1002 1144 1030 de
1170 1002 1248 1038 vita„
1274 1003 1309 1030 de
1339 1002 1462 1037 officiis,
1491 1002 1525 1029 de
1556 1002 1688 1037 virtute,
1724 1002 1759 1031 de

239 1067 259 1083 ‚‚
280 1048 433 1077 moribus?
463 1048 523 1078 sine
547 1039 637 1079 inulta
661 1060 756 1080 earum
782 1052 907 1088 ipsarum
933 1060 1024 1080 rerum
1056 1053 1208 1090 disciplina
1236 1060 1285 1082 aut
1312 1052 1370 1082 dici
1398 1060 1446 1082 aut
1470 1053 1589 1090 intelligi
1611 1052 1759 1089 potest?”

235 1099 326 1129 Conf.
347 1099 381 1128 de
397 1100 483 1130 Orat.
500 1100 552 1129 ΙΙΙ.
571 1102 699 1138 passim,
713 1103 752 1133 ΙΙ.
771 1112 795 1134 1.
815 1112 844 1132 2.
880 1103 1044 1133 Praesertim
1060 1105 1180 1141 putabat
1197 1106 1314 1142 Cicero,
1337 1125 1356 1141 ‚,
1371 1112 1547 1141 postremum
1562 1104 1643 1133 illum
1661 1105 1760 1135 locum

238 1169 260 1187 „
279 1151 313 1180 de
337 1151 395 1180 vita
416 1158 444 1181 et
467 1153 598 1182 moribus
617 1161 712 1183 totum
735 1163 798 1183 esse
810 1155 924 1184 Oratori
941 1156 1179 1192 perdiscendum:
1204 1157 1276 1185 illud
1293 1157 1367 1186 enim
1384 1157 1404 1169 ’'
1426 1157 1522 1193 inquit
1548 1177 1566 1192 ‚,
1584 1156 1665 1192 quod
1684 1164 1759 1186 sem-

238 1221 260 1238 „
281 1211 332 1239 per
352 1202 484 1233 Oratoris
506 1203 582 1241 fuit,
602 1205 659 1235 nisi
678 1206 854 1242 tenebimus,
876 1207 948 1237 nihil
962 1208 1100 1244 OratorI,
1121 1209 1150 1237 in
1169 1218 1229 1245 quo
1252 1218 1371 1246 magnus
1393 1218 1457 1239 esse
1481 1209 1595 1246 possit,
1616 1209 1758 1245 relinque·

239 1272 260 1290 ‚‚
281 1261 358 1283 mus.
375 1253 393 1266 '⁹
422 1254 457 1283 dc
480 1255 569 1284 Orat.
597 1259 622 1286 Ι,
645 1266 691 1293 15.
720 1257 760 1288 cf.
783 1258 852 1290 ibid.
885 1268 913 1288 c.
935 1259 962 1288 11
983 1268 1066 1296 seqq.
1106 1260 1140 1289 In
1159 1260 1250 1289 Bruto
1275 1270 1290 1289 c
1320 1270 1366 1298 93.
1408 1261 1657 1297 „Philosophiam
1677 1265 1762 1290 vocat

240 1328 261 1344 ‚‚
281 1313 397 1335 matrem
423 1306 551 1336 omnium
573 1307 645 1337 bene
664 1308 824 1345 factorum,
845 1310 973 1350 beneque
990 1314 1151 1342 dictorum:
1167 1314 1186 1326 ''
1206 1314 1264 1342 alio
1282 1315 1347 1343 loco
1368 1314 1482 1351 (Orat.
1510 1322 1535 1342 c.
1553 1313 1625 1350 21.)
1653 1332 1672 1347 n
1689 1311 1760 1341 Εἶθ’

238 1377 260 1395 .,,
280 1359 415 1396 quentiae
429 1360 449 1372 '³
472 1360 543 1389 dicit
582 1381 600 1397 „
620 1360 698 1390 sicut
729 1362 901 1398 reliquarum
933 1373 1025 1394 rerum
1052 1364 1269 1394 fundamentum
1299 1364 1490 1400 Sapientiam:
1507 1363 1526 1376 ”
1556 1369 1583 1392 et
1613 1362 1648 1392 de
1672 1363 1759 1393 Orat.

239 1409 280 1440 11.
307 1419 333 1447 3.
359 1411 577 1448 Philosophiam
605 1431 624 1448 „
640 1411 744 1442 artium
768 1415 897 1444 omnium
923 1417 1096 1445 laudatarum
1120 1416 1339 1454 procreatricem
1362 1415 1530 1451 quamdam,
1559 1421 1586 1443 et
1611 1413 1694 1450 quasi
1716 1421 1765 1451 pa·

246 1479 267 1497 ‚‚
289 1468 407 1491 rentem.
421 1463 441 1475 ”

277 1512 422 1551 Quantam
445 1521 536 1550 vero,
558 1514 629 1543 huic
655 1516 860 1545 convenienter
886 1518 1059 1554 sententiae,
1087 1527 1105 1547 a
1129 1519 1220 1556 primo
1244 1525 1371 1555 tempore
1392 1517 1511 1553 aetatis,
1540 1516 1569 1546 in
1597 1524 1631 1545 eo
1661 1515 1760 1545 studIo

240 1571 356 1601 operam
377 1574 534 1601 curamque
564 1567 694 1603 posuerit
717 1568 834 1604 Cicero,
863 1575 943 1598 antea
965 1570 1079 1605 quidem
1108 1571 1288 1599 declarabant
1314 1570 1465 1599 Orationes
1489 1568 1606 1597 refertae
1629 1567 1763 1596 Philoso-

238 1616 365 1652 phorum
384 1617 550 1653 sententiis;
572 1624 600 1647 et
624 1619 859 1648 doctissimorum
884 1620 1034 1649 hominum
1058 1620 1286 1656 familiaritates,
1309 1620 1414 1656 quibus
1439 1627 1551 1656 semper
1575 1619 1637 1656 ejus
1656 1619 1759 1648 domus

241 1666 357 1704 floruit3
387 1675 413 1697 et
441 1669 585 1705 principes
616 1670 660 1698 illi
688 1670 850 1706 Diodotus,
875 1671 979 1706 Philo,
1002 1672 1187 1708 Antiochus,
1214 1672 1405 1707 Posidonius,
1434 1679 1450 1699 a
1472 1670 1579 1706 quibus
1608 1670 1761 1699 institutus

243 1723 303 1745 erat
330 1719 387 1753 (de
416 1726 480 1749 nat.
511 1720 551 1749 D.
576 1722 598 1750 Ι.
626 1723 693 1759 3.);
725 1731 776 1751 nec
804 1731 863 1752 non
892 1723 1009 1760 publica
1037 1724 1205 1760 privataque
1233 1724 1291 1752 vita
1314 1730 1444 1753 ornatum
1469 1730 1533 1751 eum
1563 1727 1590 1750 et
1619 1721 1761 1750 imbutum

245 1765 453 1804 Philosophiae
474 1772 631 1808 praeceptis
659 1781 771 1808 semper
791 1775 964 1804 ostenderat.
986 1775 1045 1812 (de
1070 1782 1132 1806 nat.
1150 1776 1190 1804 D.
1216 1776 1311 1812 ibid.)
1353 1776 1426 1804 Puer
1456 1773 1529 1802 enirn
1552 1778 1763 1809 praeceptorem

243 1824 348 1846 nactus
369 1825 412 1847 est
430 1820 606 1856 Phaedrum,
628 1822 802 1859 Epicureum
825 1826 1054 1863 philosophum,
1079 1836 1163 1863 quem
1180 1836 1213 1856 co
1232 1827 1345 1863 quidem
1365 1833 1508 1861 tempore,
1529 1830 1681 1859 antequam
1698 1823 1765 1852 Phi-

244 1868 340 1897 lonem
363 1878 557 1908 cognoverat,
577 1874 659 1902 valde
682 1883 713 1903 ut
738 1877 967 1915 philosophum,
998 1886 1098 1916 postea
1126 1885 1217 1906 tamen
1243 1885 1274 1906 ut
1299 1879 1391 1906 virum
1414 1877 1522 1905 bonum
1545 1881 1574 1904 et
1593 1882 1708 1903 suavem
1732 1878 1760 1902 et

243 1920 427 1956 officiosum„
449 1922 502 1950 sibi
520 1924 670 1959 probatum
694 1935 756 1956 esse
771 1935 909 1966 testatur,
934 1930 996 1969 Ep.
1014 1931 1055 1959 ad
1077 1930 1147 1961 Div.
1170 1929 1246 1959 XIII.
1267 1939 1290 1959 1.
1332 1929 1442 1958 Deinde
1458 1936 1526 1956 vcro
1542 1927 1602 1963 (ιο
1619 1925 1676 1954 fere
1691 1931 1763 1953 aeta·

241 1972 284 2000 ²¹5
303 1974 406 2010 anno)
427 1973 466 2002 12²
484 1974 545 2011 iI’SC
562 1983 660 2007 noster
680 1979 793 2017 (Brut.
815 1990 842 2011 c.
861 1984 936 2021 89.)
971 2003 990 2019 ,‚
1011 1991 1077 2012 cum
1103 1982 1238 2019 princeps
1265 1980 1434 2011 Academiae
1457 1979 1559 2015 Philo,
1585 1985 1652 2007 cum
1673 1976 1764 2005 Athe-

1681 2027 1764 2057 nien-
