1913 2427
248 145 294 179 ‘16
624 143 1385 177 PETRIGAMPER

299 233 476 271 Tragoediae
504 232 647 271 Josephm
677 234 709 261 in
731 231 852 260 Dotlmn
882 237 909 260 et
939 230 969 259 in
992 229 1120 268 Aegypto
1145 231 1244 260 seriem
1268 232 1417 267 quamdam
1441 230 1606 263 historicam
1633 232 1769 264 efficiunt.

262 288 295 317 In
316 293 438 323 utraque
461 285 532 314 vitia
551 285 691 313 nonnulla
709 289 881 318 occurrunt,
902 288 1005 310 notatu
1027 281 1103 310 haud
1118 290 1238 318 prorsus
1263 283 1387 320 indigna.
1428 283 1498 313 Non
1518 285 1552 313 de
1573 285 1772 322 sermonibus,

263 345 342 367 extra
365 337 461 367 decori
485 335 555 365 fines
573 335 727 371 aliquando
752 334 930 371 progressis,
960 335 990 363 in
1015 334 1073 367 rixa
1098 335 1219 374 Josephi
1237 336 1376 373 fratrum,
1404 337 1455 373 (in
1476 337 1566 374 priori
1589 338 1775 376 Tragoedia)

264 389 391 424 loquor3
414 397 428 417 e
447 386 601 416 Veteribus
617 387 690 415 enim
714 388 781 415 haec
802 386 911 415 Noster
931 387 1053 415 fortasse
1076 387 1183 415 trahere
1197 387 1312 423 potuit,
1336 388 1442 424 quibus
1462 389 1538 418 haud
1552 397 1614 418 raro
1639 388 1778 425 loquendi

263 437 405 467 formulae
423 439 611 475 placuerunt,
632 445 730 468 nostra
753 445 841 467 aetate
868 438 1041 474 prohibitae.
1082 438 1200 467 Scenam
1228 439 1303 468 tertii
1332 447 1413 469 actus
1441 447 1569 477 quartam
1596 440 1684 470 volo:
1714 440 1778 476 ibi,

264 490 301 518 ad
320 489 404 518 finem
421 490 565 525 perductis
585 490 619 519 de
641 489 801 520 miseranda
822 496 899 519 sorte
924 490 1067 526 querelis,
1089 490 1158 519 satis
1184 490 1280 527 inepte
1299 490 1338 520 ita
1361 490 1504 531 Josephus
1524 493 1558 522 de
1578 491 1650 522 echo
1673 491 1705 521 in
1721 499 1777 528 pu-

266 547 313 570 teo
336 541 502 571 observata:

494 639 513 655 „
533 618 577 647 De
596 619 724 656 purgalm
746 618 859 647 baeuwt
878 627 946 655 myn
966 618 1079 648 kermen
1101 627 1154 654 na,
1176 627 1244 655 myn
1265 619 1415 648 smeecken

501 690 518 706 ,‚
540 671 586 699 En
606 670 698 698 kaetst
718 676 799 706 terug
818 670 871 698 den
891 669 1048 698 allerlesten
1069 676 1151 698 tarm.
1173 677 1228 699 etc.
1247 671 1341 708 (16).
1355 670 1374 682 ’‘

305 747 340 776 In
364 748 449 776 altera
471 755 565 775 autem
585 746 764 783 Tragoedia,
788 752 888 774 contra
909 746 1033 782 regionis
1054 746 1249 783 temporisque
1266 747 1395 776 habitum
1416 748 1478 784 agi,
1499 755 1602 782 nemo,
1623 753 1781 775 sermonem

266 799 318 827 ubi
340 799 374 827 de
393 798 488 834 Jove,
509 798 638 832 Venere,
660 798 822 833 ceterisque
848 797 970 826 Graecis
994 797 1189 835 Romanisque
1211 798 1411 834 Numinibus,
1440 799 1474 828 ab
1497 800 1641 837 Aegyptia
1665 798 1783 827 muliere

268 857 299 878 ea
318 856 406 877 aetate
428 848 593 877 institutum
619 848 736 884 audiat,
759 856 815 884 qua
839 855 914 876 certe
932 849 1060 877 nondum
1081 856 1123 877 res
1142 849 1277 879 Romana
1299 851 1430 886 exstitit,
1451 858 1494 880 est
1515 857 1682 887 negaturus.

309 901 367 929 Sed
381 901 416 929 iis
442 899 588 936 exceptis,
610 899 682 928 locis
709 899 889 935 pulcerrimis
915 906 1072 936 utrumque
1092 901 1236 937 specimen
1261 901 1403 937 abundat,
1432 901 1500 930 licet
1522 902 1556 929 ad
1581 901 1716 928 Veterum
1739 906 1794 928 re->

267 953 349 989 gulas
371 960 429 981 non
452 951 585 980 facillime
615 953 856 981 accommodetur.
897 952 1028 988 Utraque
1044 952 1119 981 enim
1141 952 1321 990 Tragoedia,
1353 953 1443 988 quid,
1474 951 1532 981 nisi
1552 951 1666 981 scelesti
1690 950 1783 979 horni-

267 1002 331 1037 nis,
357 1003 391 1031 de
411 1002 480 1031 boni
501 1003 553 1031 viri
574 1003 755 1039 integritate,
782 1003 949 1038 victoriam,
981 1003 1068 1031 nobis
1094 1004 1303 1040 repraesentat?
1346 1003 1379 1031 Id
1401 1011 1468 1031 vero
1497 1002 1580 1031 facile
1609 1002 1715 1038 poterit
1740 1001 1783 1038 ig·

266 1054 363 1082 nosci.
404 1053 480 1083 Cum
502 1055 575 1083 enim
597 1062 816 1092 argumentum,
837 1063 871 1084 ex
894 1054 983 1084 sacriS
1007 1054 1108 1083 Libris
1130 1055 1269 1090 petitum,
1298 1055 1338 1083 ita
1361 1053 1497 1083 omnibus
1519 1053 1702 1082 manifestum
1720 1060 1783 1081 esse

264 1106 380 1141 debeat,
402 1112 435 1134 ut
451 1097 562 1141 sciant,
584 1114 617 1135 eo
642 1106 767 1135 consilio
787 1105 909 1144 Joscphi
922 1114 1090 1142 oppressam
1113 1106 1205 1135 fuisse
1224 1107 1435 1141 innocentiam,
1457 1114 1516 1141 quo
1537 1104 1713 1141 splendidior
1736 1104 1784 1132 de-

267 1164 328 1185 nuo
350 1156 498 1193 emicaret;
523 1163 584 1186 tum
602 1157 711 1186 Noster
731 1157 830 1187 Grotii
856 1159 1118 1197 Sophompaneam‚
1148 1167 1182 1188 ex
1199 1158 1309 1186 Latino
1335 1166 1464 1187 sermone
1484 1156 1598 1194 Belgico
1622 1156 1784 1190 redditum,

268 1207 331 1236 suis
353 1209 488 1244 operibus
515 1209 621 1238 idcirco
642 1209 763 1246 adjecit,
786 1215 817 1237 ut
838 1208 885 1237 illa
911 1208 1034 1248 Josepln'
1053 1211 1247 1249 Anagnorisis
1265 1231 1274 1246 ‚
1301 1211 1336 1239 ad
1357 1209 1532 1246 Tragoediae
1553 1216 1695 1244 scopum,
1722 1206 1788 1236 reli·

267 1258 364 1295 gionis
387 1266 414 1287 et
436 1260 554 1288 virtutis
577 1261 708 1295 cultum,
731 1261 852 1296 legentes
877 1261 1085 1297 audientesque
1107 1262 1245 1291 incitaret.

304 1309 338 1338 In
361 1309 487 1348 Josepho
512 1313 543 1339 in
572 1311 693 1339 Dothan
719 1311 926 1348 elegantissimi
953 1312 1012 1340 loci
1039 1313 1145 1348 passim
1175 1312 1259 1340 nobis
1291 1316 1458 1340 occurrunt.
1504 1309 1666 1346 CuJ'usnam
1697 1306 1790 1336 homi-

267 1359 314 1388 nis
338 1362 503 1396 praecordia
526 1361 564 1390 ita
587 1361 662 1390 ferro
686 1368 754 1390 sunt
778 1361 920 1397 revincta,
951 1369 983 1390 ut
1007 1371 1022 1391 a
1047 1362 1180 1399 lacrymis
1202 1369 1357 1399 temperet,
1384 1362 1525 1390 insontem
1558 1360 1787 1395 adolescentem,

267 1416 403 1446 tanquam
422 1412 583 1441 columbam
601 1413 774 1441 truculentis
795 1413 979 1448 vulturibus,
1001 1414 1038 1442 ita
1056 1414 1211 1449 fratribus,
1234 1415 1356 1443 human-a
1378 1413 1473 1441 fronte
1487 1411 1607 1440 ferarum
1629 1410 1798 1446 'immanita-y
1811 1418 1819 1424 ·

268 1468 324 1490 tem
342 1462 607 1499 abscondentibus,
628 1464 762 1492 traditum
785 1463 884 1492 videns
909 1464 1016 1501 (ry->⁵3
1053 1471 1085 1493 ut
1109 1474 1124 1493 a
1149 1466 1217 1494 fletu
1240 1474 1301 1494 sese
1324 1464 1483 1499 abstineat,
1512 1463 1588 1492 senis
1611 1461 1791 1491 Patriarchae

268 1513 429 1543 insanabile
452 1515 580 1552 vulnus,
601 1515 696 1544 audita
716 1523 785 1543 nece
808 1516 949 1552 τηλυγέτῳ
971 1522 1000 1543 et
1023 1516 1173 1547 carissimo
1197 1517 1256 1546 filio
1279 1518 1378 1553 illata,
1399 1516 1455 1545 sibi
1478 1524 1544 1544 cum
1565 1521 1677 1543 moesto
1694 1521 1725 1546 ,et
1745 1521 1799 1543 ata

271 1565 367 1594 tonito
388 1565 513 1595 Rubeno
537 1567 724 1604 proponens?
748 1574 780 1596 ut
801 1567 883 1596 nullo
900 1575 1021 1604 prorsus
1045 1570 1132 1599 modo
1149 1578 1211 1598 eum
1229 1576 1326 1606 tangat
1344 1569 1520 1605 Angelorum
1543 1567 1667 1601 cohors,
1689 1565 1789 1595 inson-

271 1623 326 1644 tem
349 1617 536 1653 custodiens,
559 1624 586 1647 et
610 1618 790 1655 pulcerrimis
810 1618 985 1647 carminibus
1009 1620 1063 1648 Dei
1083 1621 1119 1650 Ο,
1138 1621 1183 1650 Μ.
1202 1622 1375 1658 majestatem
1398 1618 1622 1649 concelebrans?
1662 1617 1790 1647 Ubinam

270 1668 450 1703 splendidius
472 1669 612 1706 pudicitia
636 1670 770 1707 effulget,
793 1679 876 1706 quam
899 1671 927 1699 in
949 1673 1034 1701 altera
1055 1672 1233 1709 Tragoedia?

308 1718 449 1749 Exeuntis
480 1721 572 1749 mariti
603 1721 724 1757 fiducia,
755 1721 849 1751 vafrae
873 1723 1008 1759 conjugis
1039 1723 1179 1760 lacrymae
1204 1731 1231 1752 et
1259 1732 1356 1760 preces
1387 1723 1421 1751 ad
1455 1721 1587 1750 maritum
1616 1719 1788 1749 movendum

270 1773 472 1809 compositaeg,
504 1780 668 1810 argumenta
696 1774 792 1810 pravis
818 1774 951 1803 consiliis
983 1774 1151 1811 obtegendis
1184 1775 1303 1803 maxime
1343 1774 1459 1808 idonea;
1486 1772 1606 1810 Josephi
1635 1771 1733 1800 firmus
1763 1777 1792 1800 et

269 1823 414 1859 propositi
442 1831 523 1854 tenax
549 1825 662 1854 animus
682 1833 693 1861 ;
725 1824 798 1854 falsa
823 1825 945 1854 nutricis
969 1832 1152 1862 commenta;
1181 1827 1270 1855 altum
1294 1825 1461 1864 Jcmpsaris
1476 1844 1488 1860 ‚
1522 1824 1623 1853 reduce
1645 1823 1789 1860 conjuge,

1753 1883 1794 1903 st·

295 1939 358 1966 (¹6)
374 1941 483 1968 Μαι-φησι,
499 1944 516 1963 1.
530 1943 566 1964 cil.
583 1950 605 1970 p,
622 1949 649 1969 ²3

288 1980 353 2008 (¹³)
370 1982 430 2004 Vidd
450 1989 473 2004 er
489 1984 537 2011 ipsa
551 1985 673 2010 Tza5oedia
691 1990 714 2007 et
727 1984 833 2013 exempla
848 1985 967 2013 aptissime
981 1991 992 2007 a
1004 1986 1133 2014 Maqnmo
1151 1985 1233 2013 num,
1249 1985 1264 2008 Ι.
1278 1985 1294 2006 1.
1313 1985 1342 2008 T.
1356 1984 1385 2006 11.
1402 1990 1426 2011 p.
1443 1989 1477 2013 ιγ.
