1913 2427
656 135 1087 169 ORATIOm
1554 143 1594 177 ¹7

112 239 235 285 pertiat.
281 234 442 277 Numquis
467 233 547 271 erit,
574 230 631 274 qui
655 230 738 261 hanc
760 228 987 272 praestantiam
1007 226 1142 259 fortuito
1164 226 1320 258 exstitisse
1347 232 1461 270 putet,
1486 236 1592 269 neque

110 297 218 342 potius
243 290 424 325 incredibili
449 289 556 321 studio
585 287 768 330 jungendae
801 285 1037 329 variandaeque
1069 284 1252 316 orationis?
1295 286 1360 316 Aut
1383 283 1491 316 faciles
1515 283 1594 315 suis-

111 365 145 386 se
170 352 352 385 Atticorum
378 358 470 380 aures
497 345 744 384 arbitrabimur,
767 355 874 387 neque
898 344 1006 388 potius
1029 341 1190 386 quidquid
1214 347 1404 385 corruptum
1429 346 1484 371 aut
1508 340 1591 383 inep-

111 416 183 445 tum
214 420 274 441 nec
297 407 425 450 elegans
448 411 530 436 esset
558 402 785 446 repudiantes?
829 403 912 432 Haec
945 400 1066 432 formae
1097 399 1306 444 pulcritudo,
1340 409 1454 443 quam,
1492 404 1529 430 ut
1558 398 1593 430 in

113 470 184 513 ipsa
218 467 302 498 vitae
333 464 480 502 actione,
514 462 559 493 sic
589 461 623 492 in
647 458 783 503 singulis
813 458 974 490 scribendi
1000 458 1195 501 generibus,
1215 457 1430 488 urbanitatem
1457 455 1593 499 appella-

110 524 208 562 bant,
230 529 262 554 et
284 523 430 566 proxime
458 531 534 551 cum
563 518 680 550 decoro
722 516 778 548 illo
807 525 876 550 erat
902 519 1070 561 colligata,
1101 527 1176 549 cum
1200 518 1234 548 iu
1264 516 1364 561 ipsius
1390 515 1518 558 linguae
1544 515 1594 555 ἰιι-ι

113 581 187 617 dole
220 587 252 613 et
281 579 403 611 divitiis
441 578 605 615 cernitur,
637 583 706 607 tum
735 577 769 608 in
812 576 975 608 dialectica
1008 575 1147 619 quadam
1187 575 1305 607 virtute
1348 573 1503 605 orationis
1542 571 1594 603 do·

112 639 263 673 minatur.
310 639 379 667 Huc
405 634 527 667 accedit
551 635 666 677 ingens
700 633 754 664 illa
784 633 1004 666 collocationis
1028 633 1163 665 varietas
1185 637 1217 662 et
1247 629 1441 668 artificium,
1472 635 1509 660 ut
1528 628 1595 659 sin-

114 698 189 741 gula
217 695 282 728 fere
306 695 403 727 verba
428 702 460 727 et
485 694 716 726 sententiarum
742 700 847 737 partes
871 692 973 726 veluti
1006 689 1272 733 conglutinentur
1308 686 1432 720 voculis
1463 684 1596 729 quibus-

110 754 201 788 dam.
248 753 355 795 Major
378 752 474 785 etiam
501 752 536 782 in
553 751 750 782 carminibus
769 751 911 783 suavitas
929 750 1034 780 oritur
1055 747 1073 778 e
1096 756 1236 779 numero
1259 751 1292 776 et
1313 743 1490 786 rhythmo,
1510 743 1597 785 ipso·

115 823 179 855 que
208 809 439 855 pronuntiandi
468 808 611 852 quodam
639 815 761 848 cantu,
794 819 892 853 quem
920 804 1104 838 accentibus
1140 810 1250 847 postea
1285 799 1465 844 significare
1490 809 1597 842 coepe·

113 875 200 905 runt.
244 867 458 910 Eloquentiae
482 866 615 909 quidem
638 867 806 910 utriusque
834 865 947 909 populi
970 864 1039 895 laus
1067 862 1173 894 omnis
1199 861 1264 892 fere
1288 859 1485 896 elocutione,
1507 854 1595 887 unde

114 925 271 971 appellata
293 932 358 964 est,
389 923 634 956 continebatur:
657 923 868 967 ejusdemque
891 922 1086 965 imaginem,
1117 918 1264 963 perfectis
1288 926 1492 949 summorum
1524 924 1597 945 ora·

115 988 223 1015 torum
249 981 403 1025 exemplis
428 992 609 1024 expressam
624 1006 632 1018 ‚
659 993 771 1013 nonne
791 980 964 1013 verborum
994 979 1150 1016 maxime,
1181 987 1257 1009 cum
1275 974 1497 1018 singulorum,
1527 979 1600 1003 tum

111 1040 361 1083 copulatorum,
395 1046 512 1070 ornatu
543 1045 688 1071 constare
721 1037 973 1070 confitebimur?
1024 1036 1091 1068 Aut
1123 1034 1256 1077 putidus
1290 1044 1326 1064 ac
1361 1032 1507 1063 minutus
1537 1028 1600 1060 fuit

115 1097 311 1136 Aeschines,
340 1097 398 1140 qui
426 1096 460 1128 in
494 1097 593 1127 totius
624 1094 688 1127 fere
720 1097 870 1127 Graeciae
902 1100 1090 1132 conventu,
1119 1093 1154 1123 in
1179 1091 1378 1123 nobilissima
1408 1088 1461 1119 illa
1487 1093 1600 1118 contra

117 1154 362 1197 Ctesiphontem
387 1153 549 1191 oratione,
572 1152 642 1183 dira
667 1152 823 1195 quaedam
847 1158 879 1183 et
906 1152 1017 1184 odiosa
1043 1149 1198 1183 vocabula
1226 1148 1344 1190 objecit
1367 1142 1600 1183 Demostheni?

116 1213 197 1246 Nam
217 1211 297 1255 quid
322 1210 363 1242 de
385 1221 522 1242 numero
546 1209 652 1241 dicam
679 1211 864 1245 orationis?
893 1212 1006 1254 cujus,
1030 1216 1066 1242 ut
1089 1208 1186 1240 simul
1202 1208 1336 1240 excitata
1360 1216 1411 1238 res
1434 1211 1503 1244 est,
1526 1211 1599 1237 tan·

114 1275 148 1303 ta
174 1268 305 1301 fuerunt
325 1267 528 1300 audientium
553 1267 674 1307 studia,
706 1275 744 1299 ut
770 1279 839 1299 non
865 1268 975 1299 animo
1011 1266 1067 1299 sed
1096 1265 1228 1298 auribus
1259 1263 1409 1309 probasse
1441 1270 1606 1300 oratorem,

118 1326 299 1360 videantur,
346 1326 383 1356 In
408 1326 443 1356 C.
466 1324 617 1357 Carbone
644 1324 726 1368 quid
748 1324 867 1357 factum
886 1327 946 1365 sit,
969 1330 1077 1356 narrat
1101 1325 1228 1356 Cicero:
1258 1333 1333 1354 cum
1357 1323 1446 1353 enim
1470 1331 1605 1364 gravem·

115 1384 310 1417 sententiam
339 1382 492 1415 dichoreo
522 1383 744 1420 terminasset,
768 1389 877 1414 tantus
900 1382 1022 1414 clamor
1048 1387 1139 1413 ortus
1161 1387 1224 1419 est,
1247 1387 1284 1412 ut
1304 1378 1492 1411 admirabile
1508 1383 1607 1413 esset.

183 1441 294 1473 Paucis
312 1439 520 1479 adumbravi,
544 1442 613 1472 A.A
634 1464 643 1479 ‚
665 1447 911 1484 argumentum,
929 1439 1021 1484 quod
1039 1439 1276 1482 diligentiorem
1291 1436 1472 1480 postulabat
1491 1435 1601 1478 dispu-

118 1499 296 1531 tationem:
329 1498 385 1530 sed
413 1498 488 1529 satis
515 1499 577 1529 erit
603 1498 746 1538 dictum,
777 1498 933 1537 arbitror,
963 1497 1004 1529 ad
1032 1496 1065 1528 id
1088 1495 1177 1540 quod
1208 1494 1344 1537 intelligi
1364 1493 1449 1526 volo.
1494 1492 1599 1524 Nimi-

120 1567 194 1587 rum
230 1562 269 1587 ut
309 1555 543 1587 Grammaticus
579 1555 668 1586 illam
704 1558 796 1599 quasi
836 1555 1001 1588 materiam
1039 1554 1145 1586 omnis
1195 1558 1327 1584 ornatus
1372 1557 1404 1583 et
1444 1549 1600 1593 pulcritu-

120 1613 207 1646 dinis
243 1623 319 1657 prae
358 1613 489 1644 caeteris
524 1619 697 1656 cognoscat
725 1619 757 1644 et
791 1619 1008 1657 persequatur.
1067 1612 1177 1654 Itaque
1201 1621 1242 1642 nc
1281 1608 1496 1641 minutissima
1526 1606 1601 1650 qui·

119 1671 193 1703 dem
216 1670 379 1714 negliget,
415 1670 590 1702 verborum
625 1669 772 1709 formas,
813 1671 1057 1702 terminationes
1075 1693 1085 1708 ‚
1121 1667 1318 1712 syllabarum
1358 1675 1532 1698 numerum
1569 1670 1603 1696 et

118 1739 239 1761 sonum
256 1752 266 1767 ‚
301 1728 464 1759 literarum
499 1738 681 1771 vocumque
703 1739 899 1760 coneursum
934 1734 966 1760 et
989 1727 1262 1769 disjunctionem:
1295 1725 1329 1755 in
1356 1725 1424 1767 ipsa
1447 1722 1601 1754 orationis

124 1788 382 1824 continuatione,
412 1796 488 1816 cum
515 1785 555 1817 ad
581 1785 772 1829 particulas,
803 1788 886 1829 quae
910 1784 1087 1825 dicuntur,
1117 1783 1276 1822 attendet,
1307 1781 1428 1826 quibus
1453 1780 1602 1819 sublatis,

120 1844 254 1876 *exuitur
284 1853 386 1886 prope
407 1844 498 1874 omni
526 1850 690 1875 venustate
715 1844 843 1882 oratio,
876 1844 1058 1886 amittitque
1084 1841 1190 1873 *molle
1212 1839 1294 1872 illud
1323 1846 1356 1871 et
1377 1839 1469 1883 quasi
1491 1837 1601 1870 humi·

128 1901 229 1939 dum,
262 1899 353 1943 quod
381 1901 416 1931 in
439 1900 590 1944 <perfectis
622 1900 783 1933 artificum
810 1900 961 1945 operibus
991 1899 1231 1932 admirabantur
1258 1904 1393 1930 veteres:
1431 1903 1501 1928 tum
1532 1905 1605 1926 ver·

127 1957 243 1990 borum
276 1964 309 1989 et
337 1958 486 2001 copiam,
510 1966 542 1990 et
574 1959 842 2002 compositionem
872 1958 1046 2003 spectabit,
1075 1957 1163 1990 unde
1191 1956 1306 2001 triplex
1342 1955 1396 1987 illa
1418 1954 1500 1986 bene
1527 1952 1605 1984 seri-

126 2015 227 2048 bendi
242 2015 311 2047 taus
332 2017 470 2056 exstitit,
495 2023 532 2049 ut
553 2017 587 2049 in
609 2017 673 2049 alio
696 2028 812 2062 genere
835 2018 942 2051 tenuis
957 2023 990 2049 et
1009 2017 1106 2058 sicca,
1132 2017 1167 2048 in
1190 2014 1255 2048 alio
1279 2019 1451 2059 temperata
1473 2017 1506 2043 et
1532 2020 1622 2041 m0-,

932 2076 960 2107 C
1557 2065 1607 2100 dia
