1913 2427
329 144 353 182 1,
583 140 755 172 ACTA
802 128 1546 171 anEsTAffi‘vSENATU.

438 238 473 268 lc's
506 232 654 267 Medica&
682 233 874 264 incrementis
888 254 896 269 ‚
936 236 1002 260 lwn
1037 229 1085 260 ad
1116 231 1255 273 Attc'ficfs
1289 230 1450 263 solerti'am
1467 255 1475 271 ‚
1507 238 1572 263 tum
1592 223 1656 264 ἶασῖ
1684 233 1797 267 Artem

439 293 539 332 ipsam
561 284 822 331 amplcjlz'camlam
837 307 845 321 ‚
870 285 926 313 rice
955 282 1107 316 ineunda,

330 342 489 380 Tandem,
516 341 567 373 die
599 352 631 372 ix
654 338 813 370 Februarii
848 336 876 366 h.
903 347 930 367 a,
962 338 1051 378 (pro
1075 337 1231 378 wrm-qui
1255 335 1353 367 festus
1380 343 1427 368 est
1451 337 1562 369 natalis
1588 337 1795 380 Academiae,

438 395 512 432 sed,
546 394 620 437 quia
645 392 709 423 hoc
739 399 826 421 auno
849 389 882 419 in
915 387 1000 419 diem
1025 389 1232 419 Dominicurn
1257 389 1432 428 incidebat,
1468 401 1542 421 cum
1560 392 1705 434 sequenti
1729 383 1798 424 erat

439 444 707 483 commutandus)
732 444 765 474 in
793 449 955 474 conventu
981 443 1191 480 curatorum,
1214 444 1354 473 Rectoris
1375 449 1406 473 et
1429 444 1655 485 Assessorum,
1681 448 1796 478 Actua*

443 500 513 530 rius
546 499 580 530 in
612 507 732 529 aunum
767 495 952 539 proximum
983 495 1101 526 electus
1140 502 1187 526 est
1218 497 1274 527 Vir
1305 496 1531 534 Clarissimus,
1561 507 1796 530 conflamus

390 595 396 602 ·
438 563 589 584 EKAMA.
641 550 737 591 Quod
765 561 839 580 cum
874 550 988 579 Rector
1019 549 1063 578 M.
1089 549 1217 579 Senatui
1252 547 1433 586 retulisset,
1463 547 1565 579 eidem
1592 550 1706 591 gratias
1730 552 1796 593 egit

436 607 589 637 maximas
622 615 681 647 pro
714 603 836 634 honore
871 601 932 633 sibi
962 600 1072 632 habito
1102 600 1285 642 auxilioque
1320 607 1485 642 praestito:
1520 602 1652 632 Senatus
1689 610 1797 635 autem

436 660 575 691 vicissim
600 658 676 688 Viro
709 654 881 698 Magnifico
913 653 1088 697 gratulatus
1128 659 1175 683 est
1202 659 1345 695 optatum
1369 652 1547 695 gravissimi
1581 660 1613 683 et
1638 655 1796 697 praeclare

437 712 516 754 gesti
540 711 682 742 muneris
705 710 837 741 exitum.

332 767 408 798 Mox
430 763 618 795 introductis
641 764 674 794 in
700 761 889 794 Senaculum
913 759 961 792 111.
984 759 1191 791 Curatoribus
1204 783 1214 798 ,
1235 761 1350 791 Rector
1367 758 1550 802 designatus
1573 766 1606 791 et
1621 759 1799 793 Actuarius

437 817 553 848 electus
575 818 645 858 jure
669 814 814 858 jurando
846 812 914 855 lege
938 812 1131 855 praescripto
1154 818 1253 843 semet
1277 812 1526 843 obstrinxerunt.
1572 813 1699 852 Quibus
1723 825 1795 857 per·

436 869 512 899 actis
535 869 592 900 Vir
618 869 835 905 Clarissimus,
864 877 890 897 s.
914 876 1105 898 SPEYERT
1127 876 1205 896 νΑΝ
1231 876 1304 895 nen
1331 874 1430 901 siric,
1458 863 1678 905 Magistratum
1708 869 1788 898 Aca-

437 921 597 952 demicum
629 923 756 965 posuit,
793 918 900 950 habita
938 918 972 948 in
1002 917 1172 949 Auditorio
1199 918 1328 961 publico
1356 916 1531 954 Oratione,
1561 929 1625 960 qua
1658 920 1800 962 primum

434 977 584 1005 Sermone
612 974 718 1006 soluto
745 973 931 1006 Academiae
953 972 1015 1001 hoc
1040 981 1126 1001 anuo
1147 969 1227 1008 fata,
1259 977 1322 1001 tam
1352 969 1431 1000 laeta
1456 981 1553 1013 quam
1581 972 1680 1002 tristia
1704 983 1797 1003 enar-

437 1028 537 1066 ravit,
559 1037 636 1058 mox
661 1037 736 1059 vero
755 1036 901 1057 sermone
923 1024 1019 1067 ligato
1034 1023 1117 1055 dixit
1137 1022 1178 1055 de
1199 1023 1326 1063 Nihilo,
1344 1026 1472 1066 penitus
1491 1025 1613 1066 cognito
1637 1024 1673 1055 in
1689 1034 1797 1056 rerum

436 1088 563 1111 natura.

330 1132 432 1165 Finita
457 1133 608 1164 Oratione
627 1133 774 1164 recitatae
790 1138 874 1164 -sunt
908 1131 948 1163 ab
981 1131 1138 1164 Actuario
1159 1129 1280 1173 judicia
1306 1130 1502 1162 Facultatum
1535 1130 1575 1162 de
1602 1133 1798 1169 Commenta-

439 1185 580 1217 tionibus
610 1197 749 1226 eorum,
778 1186 836 1228 qui
859 1191 1017 1216 certamen
1045 1184 1234 1216 Literarium
1260 1183 1323 1213 hoc
1344 1193 1431 1213 anno
1454 1184 1613 1222 inierant,
1642 1193 1701 1216 nec
1727 1197 1796 1218 non

443 1241 576 1271 nomina
603 1240 764 1270 Juvenum
797 1238 1099 1276 Ornafissimorum,
1123 1236 1242 1280 quibus
1264 1237 1401 1279 praemia
1429 1243 1505 1267 sunt
1529 1237 1696 1278 assignata.
1741 1239 1799 1269 His

441 1303 517 1323 vero
550 1303 627 1323 mox
652 1293 767 1322 Rector
792 1291 837 1323 Μ.
860 1291 928 1334 ipse
953 1301 1028 1322 cum
1056 1289 1229 1322 verborum
1258 1288 1437 1319 honoribus
1455 1290 1593 1331 praemia
1617 1289 1657 1319 iis
1685 1288 1797 1331 publi-

440 1357 475 1377 ce
503 1344 675 1377 distribuit.

330 1399 453 1440 Quibus
475 1398 626 1430 omnibus
653 1397 694 1429 ad
719 1395 818 1429 finem
843 1395 1003 1440 perductis
1028 1395 1218 1433 Actuarius,
1248 1405 1419 1427 conscensa
1441 1395 1615 1435 cathedra,
1647 1395 1801 1439 praelegit

434 1454 604 1483 Decretum
638 1450 776 1494 Regium
805 1450 844 1481 de
868 1450 1034 1491 designato
1065 1459 1153 1479 novo
1191 1449 1349 1485 Rectore‚
1378 1455 1472 1490 atque
1509 1449 1613 1486 hunc,
1647 1459 1705 1479 nec
1729 1459 1797 1481 non

438 1506 679 1537 Assessores-et
710 1503 897 1536 Actuarium
930 1502 964 1532 in
993 1511 1115 1532 annum
1153 1501 1384 1533 Academicum
1413 1507 1599 1543 sequentem
1631 1503 1800 1532 renuncia-

436 1557 506 1589 vit:
538 1566 573 1586 ac
601 1562 760 1598 postremo
789 1554 941 1599 praeiegit
966 1556 1169 1596 Programma
1202 1554 1359 1596 propositi
1390 1564 1429 1584 ex
1466 1552 1534 1595 lege
1561 1553 1670 1585 denuo
1699 1559 1797 1597 certa3

436 1610 532 1640 minis
554 1608 715 1650 merarii,
736 1608 829 1652 cujus
853 1612 1081 1651 argumentum
1104 1613 1152 1641 est
1174 1605 1378 1649 hujusmodi:
1781 1613 1789 1619 ’

1596 1987 1798 2014 mocunun
