1913 2427
239 160 283 193 60
468 153 1418 192 ''J.R.THORBECKE

242 248 333 285 igitur
352 255 457 277 numen
475 247 540 283 pie,
570 252 666 275 sancte
691 251 718 274 et
744 245 897 282 religiose,
924 244 1089 273 colendum:
1119 244 1157 272 ita
1174 249 1206 292 ut
1227 243 1298 272 illud
1319 243 1409 273 uobis
1428 241 1635 278 conciliemus,
1661 239 1752 277 atque

243 306 353 337 giacum
375 299 399 327 ei
421 299 546 327 animum
567 305 680 334 semper
701 297 820 325 maxime
839 301 987 324 testemur.

293 350 495 386 ‚Modestiam
517 350 600 378 etiam
626 348 774 384 quamdam
792 346 920 383 cognitio
943 353 1034 374 rerum
1060 345 1223 374 coelestium
1243 344 1322 373 affert
1346 345 1400 380 iis,
1429 344 1479 380 qui
1499 343 1633 380 videant,
1659 330 1750 380 qnan-

245 422 264 438 „
285 408 313 429 ta
336 400 374 430 sit
399 401 481 429 etiam
508 400 585 436 apud
618 399 694 427 Deos
716 396 892 432 moderatio,
920 403 1045 432 quantus
1069 398 1163 426 ordo·
1155 418 1164 433 ,
1194 402 1221 424 et
1245 396 1466 433 magnitudinem
1484 395 1569 424 animi
1584 415 1594 431 ,
1605 395 1749 424 Deorum

247 473 266 488 „
286 460 373 488 opera
394 458 422 479 et
451 451 525 490 facta
555 449 763 478 cernentibus:
791 448 932 484 justitiam
965 448 1068 483 etiam,
1095 456 1161 476 cnm
1193 448 1345 484 cognitum
1366 442 1485 483 habeas,
1515 447 1586 483 quid
1609 442 1753 474 sit'sum-

249 503 328 539 „mi
360 501 478 530 rectoris
511 507 538 530 et
562 501 672 530 domini
700 508 832 534 numen,
863 499 942 534 quod
978 499 1130 528 eonsilium
1149 519 1159 534 ,
1195 507 1265 534 quae
1296 499 1453 534 voiunta53
1489 499 1574 535 cujus
1607 497 1641 525 ad
1669 495 1753 525 natu-

252 574 271 590 „
293 562 351 582 ram
369 559 433 590 apta
456 553 528 581 ratio
554 561 620 581 vera
650 552 699 580 illa
727 557 755 579 et
777 559 887 579 summa
909 550 955 578 lex
975 558 990 578 a
1016 550 1204 586 philosophis
1233 549 1378 579 dicitur.”
1407 551 1424 586 (
1438 548 1472 577 de
1496 549 1562 577 Fin.
1594 548 1658 576 lv:
1678 555 1707 583 5.
1723 547 1754 585 )’,”

249 625 272 641 ,‚
292 605 374 633 Hanc
406 603 495 645 igitur
527 604 611 633 video
641 602 918 639 sapientissimorum
949 600 1040 629 fuisse
1066 601 1259 636 sententiam,
1294 601 1384 637 Iegem
1413 608 1505 635 neque
1531 599 1680 632 hominum
1711 599 1755 628 in-

250 676 271 692 „
292 655 382 693 geniis
405 650 612 691 excogitatam,
645 662 697 682 nec
727 653 832 682 scitum
862 652 982 688 aliquod
1012 660 1074 680 esse
1101 653 1276 688 populorum
1294 673 1304 687 ,
1340 652 1391 680 scd
1420 657 1564 679 aeternum
1593 650 1725 687 quiddam
1742 671 1759 686 ,

249 728 271 744 „
294 707 372 743 quod
401 706 566 734 universum
602 706 741 734 mundum
766 710 898 741 regeret,
924 703 1106 743 imperandi,
1143 703 1371 738 prohibendique
1403 702 1552 738 sapientia.
1607 702 1649 730 Ita
1678 701 1758 738 prin*-

248 779 267 795 ‚,
286 758 378 794 cipem
404 758 493 793 legem
512 756 588 785 illam
611 763 638 784 et
661 755 789 784 ulthnam
810 760 931 782 mentem
960 762 1022 782 esse
1045 752 1196 788 dicebant,
1219 753 1312 782 onmia
1336 742 1444 781 ratione
1467 759 1517 781 aut
1545 752 1675 789 cogentis
1705 757 1759 781 aut

249 830 270 845 „
289 808 411 837 vetantis
426 807 506 843 ‘Dei3
536 815 570 836 ex
594 815 650 843 qua
679 807 728 834 illa
753 807 822 841 lex,
849 813 934 841 quam
964 804 1013 833 Dii
1037 804 1165 833 humano·
1193 804 1286 840 generi
1312 803 1458 838 dederint,
1485 809 1559 831 recte
1585 809 1629 832 est
1661 803 1761 832 lauda-

250 873 273 896 ,η’
290 865 401 888 ῐκἙπ
420 859 494 887 enim
519 859 612 893 ratio,
641 854 960 893 m'ensque‘sapientis,
981 857 1016 884 ad
1035 855 1196 892 jubendum
1221 861 1248 883 et
1269 855 1304 883 ad
1325 855 1519 883 deterrendum
1547 853 1658 884 idonea.
1668 853 1688 866 ”

250 913 318 948 „A
337 910 434 947 parvis
456 926 495 931 —
520 909 704 944 didicimus,
732 909 758 936 si
787 909 818 936 in
838 908 895 943 sus
915 912 1016 942 vocat,
1052 912 1137 941 atque
1164 906 1307 942 eJusmodi
1338 905 1431 940 alias,
1468 905 1543 941 leges
1580 905 1726 933 nominare
1745 913 1760 940 ς

251 983 271 999 z
292 962 341 991 sed
370 970 438 990 veto
463 959 582 997 intelligi
606 960 648 989 sic
681 965 822 995 oportet,
849 964 876 987 et
901 958 956 986 hoc
988 946 1027 985 et*
1049 958 1101 985 alia
1129 958 1209 993 Jussa
1236 965 1269 984 ac
1295 956 1382 984 vetita
1407 950 1584 991 populorum
1612 955 1671 983 vim
1700 959 1765 984 non'

252 1034 271 1049 „
290 1012 392 1041 habere
425 1012 460 1040 ad
493 1017 568 1039 recte
597 1011 674 1040 facta
706 1009 855 1045 vocandi,
883 1015 911 1037 et
939 1017 954 1037 a
978 1008 1102 1044 peccatis
1133 1007 1295 1036 avocandi:
1332 1015 1404 1042 quae
1438 1006 1483 1034 vis
1511 1014 1572 1035 non
1598 1006 1686 1035 modo
1717 1011 1765 1034 sei·

254 1085 274 1100 ‚‚
296 1064 360 1093 nior
383 1069 444 1099 est,
474 1071 558 1098 quam
584 1068 659 1091 aetas
686 1061 862 1097 populorum
888 1066 916 1088 et
943 1059 1115 1094 civitatum,
1146 1059 1194 1087 sed
1213 1057 1338 1094 aequalis
1364 1057 1463 1093 iliius,
1490 1057 1601 1086 coetum
1625 1063 1655 1086 et
1677 1050 1771 1086 tei-ras.

252 1136 272 1153 „
293 1115 399 1144 tuentis
421 1121 448 1142 et
467 1113 608 1150 regentis,
631 1111 723 1142 Dei.”
743 1129 780 1135 —
803 1112 908 1148 E„rat
928 1111 1001 1140 eniin
1023 1110 1095 1160 ratio
1110 1109 1242 1159 profecta
1255 1118 1271 1138 a
1285 1117 1377 1138 rerum
1398 1115 1519 1154 natura,
1539 1115 1566 1137 et
1582 1109 1616 1137 ad
1630 1115 1705 1137 recte
1723 1107 1767 1137 fa-

253 1188 273 1205 „
293 1167 423 1196 ciendum
456 1165 629 1205 impelqus,
657 1169 684 1192 et
704 1172 721 1192 a
744 1163 850 1191 delicto
874 1162 1024 1198 'avocans3
1043 1158 1126 1197 quae
1155 1157 1215 1191 non
1244 1169 1304 1191 tum
1327 1151 1451 1198 denique
1475 1151 1580 1197 incipit
1606 1161 1654 1190 lex
1682 1166 1770 1196 esse,

253 1239 275 1255 ,‚
293 1226 362 1248 cum
383 1217 490 1252 scripta
511 1221 577 1251 est,
606 1215 658 1243 sed
677 1220 760 1250 tum,
785 1220 850 1243 cum
874 1220 935 1242 orta
956 1219 1009 1242 est.
1046 1212 1122 1242 Orta
1147 1219 1240 1242 autem
1269 1214 1357 1242 simul
1376 1220 1419 1242 est
1446 1221 1511 1242 cum
1535 1218 1627 1241 mente
1643 1209 1767 1240 divina.

258 1290 278 1306 ,,
300 1277 385 1305 quam
409 1268 450 1297 ob
468 1275 524 1294 rem
548 1267 593 1294 lex
612 1273 677 1294 vera
703 1271 792 1301 atque
814 1265 972 1301 princeps,
999 1271 1064 1301 apta
1088 1265 1122 1293 ad
1142 1259 1299 1302 iubendum
1322 1271 1350 1293 et
1370 1266 1409 1293 ad*
1427 1256 1600 1298 vetandum,
1627 1253 1699 1291 ratio
1722 1266 1771 1290 est

257 1339 278 1357 ,‚
298 1326 373 1348 recta
391 1317 496 1347 summi
514 1315 639 1354 Jovis.”
668 1315 727 1351 (dc
749 1316 842 1353 Legg.
867 1315 908 1344 Π.
929 1317 983 1353 4.)
1008 1307 1119 1350 '-„‘·Est
1140 1316 1252 1351 quidem
1278 1315 1375 1352 (illa)
1397 1323 1465 1343 vera
1479 1314 1542 1350 lex,
1570 1319 1645 1341 recta
1671 1311 1771 1347 ratio,

255 1391 282 1408 ‚‚‚
297 1377 413 1400 naturae
437 1376 617 1405 congruens,
642 1366 747 1396 diffusa
771 1367 804 1395 in
833 1369 951 1401 ornnes,
979 1372 1134 1401 constans,
1163 1366 1353 1402 sempiterna,
1383 1373 1454 1402 quae
1483 1370 1568 1393 vocet
1588 1364 1622 1392 ad
1643 1363 1771 1392 officium

256 1443 277 1459 ,‚
296 1421 443 1467 jubendo,
470 1419 593 1447 vetando
619 1426 635 1447 a
661 1416 760 1446 fraude
789 1418 941 1446 deterreat.
970 1425 1043 1452 quae
1073 1423 1166 1462 tamen
1203 1425 1296 1453 neque
1325 1416 1436 1453 probos
1459 1415 1567 1444 frustra
1587 1415 1694 1452 jubet,
1721 1420 1774 1442 aut

228 1480 230 1482 ’
258 1494 280 1510 „
299 1479 394 1508 vetat,
421 1479 473 1501 nec
503 1469 653 1506 improbos
677 1466 810 1506 jubendo
832 1475 880 1496 aut
899 1468 1023 1496 vetando
1052 1475 1160 1497 movet.
1201 1468 1279 1496 Huic
1313 1468 1368 1504 legi
1398 1475 1450 1496 nec
1484 1465 1616 1503 obrogari
1639 1465 1684 1494 fas
1708 1471 1776 1500 est,

260 1545 279 1560 ,‚
299 1531 353 1552 nec
374 1521 504 1559 derogari
525 1529 558 1550 ex
583 1520 635 1548 hac
655 1519 766 1555 aliquid
787 1518 873 1554 licet,
901 1527 995 1554 neque
1015 1525 1075 1548 tota
1100 1519 1232 1556 abrogari
1252 1525 1363 1556 potest.
1403 1519 1464 1547 Nec
1487 1525 1555 1546 veto
1578 1523 1629 1545 aut
1649 1524 1699 1553 per
1721 1516 1779 1544 Se·-

261 1595 280 1611 ‚‚
299 1565 419 1609 natum,
433 1579 495 1601 aut
523 1580 573 1608 per
595 1571 758 1608 populum,
792 1570 868 1598 solvi
898 1570 951 1598 hac
973 1570 1034 1607 lege
1063 1579 1231 1606 possumus
1271 1570 1375 1606 Neque
1405 1577 1449 1598 est
1475 1569 1652 1606 quaerendus
1675 1567 1773 1604 expla-

262 1646 281 1662 „
301 1632 384 1655 nator
413 1630 464 1652 aut
497 1623 639 1659 interpres
674 1622 736 1658 ejus
769 1621 842 1649 alius
861 1630 871 1650 :
897 1629 993 1657 neque
1026 1621 1079 1650 erit
1114 1621 1167 1650 alia
1205 1622 1250 1650 lex
1287 1621 1396 1650 Romae
1413 1642 1423 1656 ,
1452 1620 1507 1649 alia
1534 1619 1657 1649 Athenis
1676 1639 1692 1654 ,
1717 1619 1773 1648 alia

261 1698 282 1714 n
301 1684 402 1711 nunc,
432 1674 486 1703 alia
515 1674 657 1711 posthac3
687 1673 736 1701 sed
759 1678 789 1700 et
813 1680 910 1700 omnes
927 1679 1042 1709 gentes,
1069 1679 1096 1701 et
1121 1672 1201 1702 omni
1223 1679 1372 1709 tempore,
1403 1681 1458 1701 una
1481 1673 1545 1706 lex,
1574 1677 1603 1699 et
1627 1669 1774 1706 sempiter-

264 1748 285 1763 „
303 1736 338 1758 na
364 1733 391 1755 et
420 1725 590 1755 immortalis
613 1723 795 1754 continebit:
821 1731 957 1759 unusque
979 1723 1032 1751 erit
1057 1723 1221 1752 communis
1241 1723 1323 1759 quasi
1343 1724 1476 1761 magister
1498 1730 1526 1751 et
1542 1723 1695 1758 imperator
1713 1729 1777 1750 om·

267 1799 285 1815 „
305 1778 384 1807 nium
405 1777 485 1806 Deus
509 1777 580 1812 ille,
600 1776 673 1813 legis
696 1775 783 1812 huJus
805 1774 958 1809 inventor,
984 1775 1177 1810 disceptator,
1203 1776 1293 1806 lator:
1323 1775 1369 1804 cui
1392 1775 1442 1811 qui
1465 1782 1523 1803 non
1549 1772 1682 1810 patebit,
1711 1771 1779 1808 ipse·

265 1849 286 1866 ,‚
305 1837 336 1858 se
364 1828 474 1865 fugiet,
502 1836 534 1856 ac
557 1835 685 1861 naturam
716 1826 843 1856 hominis
874 1825 1089 1861 aspernabitur,
1118 1833 1203 1862 atque
1232 1826 1287 1854 hoc
1311 1826 1377 1862 ipso
1399 1826 1458 1854 luet
1487 1824 1622 1853 maximas
1643 1830 1779 1860 poenas,

270 1902 293 1917 „
308 1879 421 1908 etiamsi
441 1884 530 1908 cetera
551 1879 719 1915 supplicia„
744 1885 816 1914 quae
841 1882 979 1914 putantur
992 1897 1003 1913 ,
1024 1876 1166 1914 effugerit.
1178 1876 1199 1890 ’'
1223 1877 1358 1917 (Fragm.
1378 1885 1412 1906 ex
1436 1877 1496 1906 Cic.
1517 1875 1553 1906 L.
1575 1874 1625 1904 111.
1647 1873 1682 1903 de
1694 1873 1783 1912 λεὶ).-

263 1937 408 1963 servatum
431 1938 447 1959 a
465 1930 551 1960 Lact.
572 1930 624 1964 Vl.
646 1931 703 1968 8..)

1696 1974 1781 2014 Quia
