1913 2427
411 133 999 187 p1ssERTATA.T,10
1063 141 1417 177 JURIDICA.
1630 157 1672 191 ιθ

150 226 208 261 rit,
237 230 266 253 et
285 231 364 258 non,
391 228 426 250 ut
451 222 566 258 quidam
589 221 694 251 volunt
715 221 822 260 (24),
846 230 934 258 aeque
949 225 1088 260 graviter
1111 235 1229 262 peccare
1249 236 1332 264 eum,
1360 230 1410 265 qui
1435 230 1578 261 hominem
1597 241 1657 263 non

148 264 296 312 defendit,
317 278 357 305 πό
378 275 428 311 qu'i
450 276 569 312 patriam
592 273 697 303 deserit
713 274 805 310 (25).
847 273 971 310 Ideoque
994 276 1107 305 damnat
1129 278 1324 316 philosophos
1346 281 1378 309 in
1398 281 1449 310 hac
1470 289 1566 318 parte,
1590 285 1660 321 qui,

149 329 216 358 dum
240 328 361 361 aiterum
389 326 519 364 justitiae
542 334 631 363 genus
651 326 867 361 adsequuntur,
896 326 1039 356 inferenda
1066 337 1102 358 ne
1129 329 1176 358 cui
1195 337 1317 360 noceant
1339 331 1461 370 injuria,
1490 333 1521 362 in
1539 334 1660 364 alterum

143 374 288 409 incidant:
321 378 449 407 discendi
477 377 550 406 enim
584 377 686 407 studio
716 369 864 413 impediti,
899 386 974 413 quos
1000 380 1072 408 tueri
1099 388 1259 418 oporteret,
1286 392 1337 412 eos
1365 385 1510 415 deserunt.
1533 387 1585 424 (I,
1606 388 1661 423 9.)

144 433 228 462 Duas
252 437 379 460 recenset
400 439 538 466 caussas,
564 429 672 466 quibus
697 429 828 458 homines
849 429 907 458 sibi
929 430 1052 459 invicem
1085 431 1216 469 injuriam
1245 433 1387 475 inferant3
1421 445 1542 475 quarum
1569 438 1663 473 prima

142 468 187 523 est
207 489 321 522 metus,
343 489 407 510 cum
430 481 473 516 is,
496 481 545 517 qui
571 489 673 515 nocere
696 480 775 509 alteri
798 482 926 518 cogitet,
948 482 1051 518 timet,
1073 493 1126 519 ne,
1148 485 1204 513 nisi
1227 486 1256 514 id
1275 485 1394 522 fecerit,
1415 487 1478 524 ipse
1497 488 1596 524 aliquo
1617 489 1662 518 af-

142 532 255 562 ficiatur
277 533 481 576 incommodo:
503 534 588 561 altera
609 539 654 561 est
672 532 710 561 rei
734 531 884 561 familiaris
903 535 1046 570 augendae
1072 536 1338 579 cttpidjtas,ssquae
1359 545 1489 576 spectat,
1518 541 1565 577 vel
1586 549 1659 575 usus

141 570 218 614 vi'tae
247 571 444 619 necessat-ios,
477 584 522 612 vel
552 577 718 626 voluptates
748 583 953 620 perfruendaS,
975 586 1020 614 vel
1050 595 1119 622 opes
1146 594 1174 615 et
1199 588 1377 625 gratificandi
1401 590 1585 628 facultatem,
1611 593 1661 622 vel

143 637 314 674 magnificos
335 643 410 666 Vitae
434 643 586 673 apparatus
610 643 636 664 et
654 636 777 666 cultum.
820 636 917 666 Tertia
946 638 1065 673 injuriae
1093 642 1195 667 caussa
1221 647 1264 681 est
1285 641 1489 678 imperiorum,
1517 643 1662 678 honorum

140 696 169 718 et
186 689 312 726 gloriae,
335 688 488 723 cupiditas.
528 687 593 715 Hoc
614 687 800 716 maximorum
819 688 997 723 animorum,
1020 689 1316 724 splendidissimorum
1330 691 1529 729 ingeniorum,
1555 694 1664 724 vitium

139 747 204 768 esse
225 739 328 774 docet3
351 747 412 774 quo
429 737 519 774 magis
540 739 695 766 cavendum
718 744 781 773 est,
806 746 841 766 ne
865 738 935 773 quid
952 739 982 767 in
1005 742 1038 768 eo
1061 748 1161 776 genere
1183 747 1328 776 peccetur.
1368 742 1524 772 Existimat
1549 753 1658 781 porto,

138 791 168 820 in
192 790 295 827 injuria
317 789 548 825 distinguendum
576 797 657 824 esse,
679 795 775 818 utrum
799 800 834 819 ex
857 792 954 828 aliqua
983 793 1070 822 animi
1099 794 1330 831 perturbatione,
1359 805 1395 825 an
1419 799 1556 827 consulto
1574 806 1602 828 et
1624 808 1661 831 ex

136 839 287 876 cogitato,
310 839 359 867 fiat
374 832 502 875 injuria:
524 838 614 875 priori
634 847 704 868 casu
727 848 790 869 esse
808 842 964 883 leviorem,
987 845 1075 873 altero
1098 845 1267 881 graviorem.
1289 847 1345 884 (I,
1367 849 1420 886 8.)

157 881 323 925 ⁴Caussae,
349 898 383 918 ex
404 890 512 926 quibus
540 890 632 919 oritur
661 891 780 921 alterum
805 893 962 930 injustitiae
988 904 1097 932 genus,
1129 905 1164 925 ex
1187 904 1278 926 mente
1301 899 1448 928 Ciceronis
1472 906 1541 929 sunt
1564 907 1658 931 metus

140 942 372 977 inimicitiarum,
395 942 544 978 laborum,
566 951 598 970 ac
615 949 787 980 sumtuum,
807 951 856 973 aut
872 946 1062 983 negligentia,
1083 948 1220 984 pigritia,
1246 949 1346 979 inertia
1359 957 1386 979 et
1401 952 1513 987 studia,
1534 962 1659 990 occupa-

137 996 311 1030 tionesque,
333 993 440 1029 quibus
466 993 504 1021 ita
526 994 656 1022 homines
681 993 897 1033 impediuntur,
919 1004 951 1026 ut
976 1007 1045 1035 eos,
1075 1008 1149 1035 quos
1166 1001 1239 1028 tueri
1264 1002 1380 1038 deceat,
1401 1003 1527 1032 desertos
1545 1004 1656 1041 patian-

139 1035 199 1075 tur.
240 1046 286 1075 Ex
305 1045 390 1074 dictis
415 1045 500 1073 facile
520 1045 641 1082 judicari
665 1054 753 1081 posse
777 1053 877 1084 putat,
908 1050 988 1085 quod
1019 1052 1162 1087 cujusque
1194 1053 1331 1088 temporis
1360 1054 1484 1083 officium
1513 1056 1572 1091 sit,
1600 1055 1659 1086 nisi

137 1097 335 1134 nosmetipsos
363 1097 444 1126 valde
465 1096 634 1125 amabimus.
675 1097 732 1126 Est
756 1097 831 1127 enim
863 1099 987 1128 difficilis
1017 1108 1084 1129 cura
1107 1109 1199 1130 rerum
1224 1103 1397 1133 alienarum:
1424 1104 1506 1134 aliter
1525 1106 1599 1135 enim
1626 1107 1664 1136 de

139 1149 221 1186 aliis,
242 1158 274 1178 ac
295 1150 329 1177 de
347 1148 453 1184 nobis,
474 1148 648 1185 judicamus.
691 1148 759 1187 Quo
775 1149 850 1179 circa
872 1151 940 1180 illos
957 1152 1029 1180 bene
1049 1153 1211 1189 praeprere
1224 1154 1353 1191 judicat,
1378 1156 1428 1191 qui
1444 1163 1561 1193 vetant,
1577 1159 1658 1195 quic·

139 1209 225 1237 quam
249 1209 349 1238 agere,
375 1200 455 1235 quod
475 1199 588 1228 dubites
613 1209 735 1237 aequum
759 1202 797 1230 sit
820 1211 855 1231 an
876 1203 1009 1239 iniquum
1037 1204 1118 1240 (26)
1139 1203 1195 1239 (Ι,
1216 1205 1282 1242 9.).

177 1253 326 1282 Hactenus
346 1251 405 1288 egit
431 1252 465 1280 de
480 1251 610 1288 justitiae
634 1252 764 1288 Officiis,
787 1262 859 1288 quae
881 1255 951 1282 alter
977 1254 1056 1283 alteri
1079 1261 1221 1290 praestare
1242 1262 1373 1293 tenetur3
1401 1266 1479 1287 nunc
1502 1260 1605 1288 transit
1621 1261 1665 1290 ad.

137 1303 188 1332 illa
211 1304 328 1339 Officia,
354 1311 426 1338 quae
453 1303 588 1331 servanda
611 1310 702 1339 sunt,
732 1305 778 1332 vel
796 1313 862 1333 cum
888 1305 1006 1334 inimico
1030 1305 1162 1346 privato,
1183 1307 1229 1335 vel
1253 1315 1318 1335 cum
1343 1309 1428 1336 hoste
1447 1310 1586 1346 publico,
1615 1312 1663 1341 vel

138 1363 206 1384 cum
232 1363 336 1389 servo,
356 1355 402 1382 vel
425 1361 490 1380 cum
509 1361 561 1388 eo,
585 1354 636 1388 qui
657 1362 709 1389 per
731 1354 859 1383 fraudem
882 1355 976 1384 laedit.

174 1406 246 1434 Non
264 1410 349 1441 putat
370 1403 487 1439 Cicero,
509 1403 578 1432 satis
602 1412 664 1433 esse
677 1425 686 1440 ,
709 1412 795 1440 eum,
818 1406 871 1441 qui
893 1406 1026 1442 laeserit,
1047 1407 1167 1444 injuriae
1183 1415 1250 1436 suae
1267 1408 1428 1445 poenitere:
1451 1412 1500 1440 sed
1521 1412 1586 1441 vult
1605 1420 1663 1449 pud

135 1457 208 1488 niti:
232 1463 264 1485 ut
287 1456 350 1492 ipse
371 1455 492 1491 posthac
513 1455 673 1490 abstineat,
703 1456 790 1484 ceteri
813 1456 1015 1487 deterreantur.
1054 1457 1088 1486 In
1113 1459 1259 1493 republica
1289 1461 1410 1489 maxime
1432 1464 1568 1491 servanda
1596 1472 1659 1493 esse

137 1509 202 1547 iura
225 1507 302 1536 belli.
343 1506 422 1534 Bella
440 1505 621 1541 suscipienda
653 1514 714 1534 esse
741 1507 778 1535 ob
808 1515 867 1535 eam
899 1515 1049 1543 caussam,
1080 1515 1111 1537 ut
1140 1509 1200 1538 sine
1231 1510 1334 1547 injuria
1366 1512 1397 1540 in
1427 1519 1496 1549 pace
1524 1512 1664 1545 vivatur:-

136 1567 219 1599 parta
244 1559 357 1596 quidem
380 1557 501 1586 victoria
525 1558 739 1586 conservandos
767 1558 917 1594 captivos:
947 1559 1014 1599 paci·
1032 1565 1061 1600 eg:
1088 1560 1175 1588 victis
1203 1569 1314 1599 semper
1336 1571 1398 1592 esse
1422 1563 1650 1595 consulendum:

1592 1617 1657 1645 nul-

134 1707 185 1727 0⁴·
201 1699 223 1726 ς,
236 1701 258 1723 ⁸.
274 1705 297 1720 n.
311 1700 340 1726 6,
357 1698 418 1725 quod
432 1697 499 1719 nuliis
512 1697 536 1718 in
553 1697 693 1720 editionibus
706 1703 779 1725 neque
787 1698 850 1720 MSS.
866 1699 911 1720 una
925 1698 978 1721 insit
990 1698 1087 1722 varietas
1101 1700 1222 1725 lectionis,
1239 1706 1261 1723 et
1270 1701 1320 1724 fieri
1333 1703 1447 1730 potuerit,
1461 1704 1590 1731 ciceronum,
1605 1710 1652 1727 non

132 1747 224 1769 temper
231 1745 360 1764 accuratum
374 1738 554 1761 indivisionibus
566 1738 626 1764 suis,
642 1744 692 1766 post
705 1740 870 1762 conventiones
880 1740 1032 1768 universales,
1051 1743 1133 1764 addere
1148 1744 1245 1765 voluisse
1256 1744 1357 1772 speciem
1372 1746 1514 1771 singularem.
1532 1747 1658 1768 Praeterea>

133 1783 228 1806 dubium
241 1787 291 1809 est,
312 1787 338 1803 nn
355 1782 457 1802 creemur
471 1786 572 1807 ternpore
585 1786 630 1804 Jam
650 1781 705 1802 iliud
721 1780 777 1805 som
792 1787 919 1808 usurpatum
939 1783 1007 1804 fuerit
1029 1785 1082 1806 loco
1096 1787 1134 1807 τοῦ
1152 1787 1245 1812 exempli.
1283 1787 1418 1814 Barbeyracio
1437 1787 1560 1811 adsentior.
1589 1787 1653 1810 Anae

133 1824 257 1848 tententiae
270 1824 299 1845 de
311 1822 399 1851 origine
413 1822 508 1844 dominii
521 1822 640 1848 leguntur,
653 1821 712 1842 inter
723 1821 797 1848 allos,
813 1824 871 1850 apud
886 1825 978 1845 Gron'um
989 1839 996 1852 ‚
1012 1826 1040 1847 de
1052 1826 1078 1853 J.
1095 1827 1122 1848 B.
1138 1832 1158 1848 u
1173 1826 1201 1850 P.
1217 1828 1244 1851 L.
1255 1827 1292 1855 11,
1307 1834 1330 1850 e.
1344 1835 1373 1856 2,
1388 1827 1408 1855 §.
1423 1835 1445 1853 2.
1459 1835 1520 1853 num.
1535 1836 1572 1854 ιο.
1593 1830 1651 1853 Mtt-

129 1868 176 1895 η’,
191 1866 275 1892 gnsycl.
292 1863 394 1895 [Vartqrb.
411 1863 445 1884 der
460 1863 516 1885 Crit.
533 1862 611 1884 I’hilu.
627 1864 649 1884 tn
661 1863 687 1886 V.
700 1864 842 1892 Ermrhung,
863 1865 889 1886 Τ.
904 1866 930 1888 11.
951 1873 974 1893 1³-
990 1873 1049 1895 439³
1065 1874 1115 1895 sqq-

160 1907 227 1937 (24)
244 1907 337 1932 calcagn.
363 1905 426 1932 Disq.
440 1904 477 1926 Vl.
503 1911 524 1932 p.
541 1910 591 1931 213·

158 1949 205 1977 (ας
240 1947 295 1972 Mas.
308 1951 330 1967 u
345 1947 420 1974 Grifol.
437 1948 459 1967 t'n
477 1948 538 1973 Rup.
550 1947 579 1967 ad
593 1945 688 1975 calcagn.
702 1950 723 1967 et
738 1948 841 1970 Gnew'ut
855 1948 883 1970 aa
893 1948 936 1976 Off}
948 1949 965 1972 1.
981 1954 1003 1976 7.

156 1991 224 2018 (26)
241 1990 308 2011 eam
322 1988 425 2010 Amtmk.
450 1988 477 2010 T.
490 1989 526 2015 11,
546 1995 570 2016 p-
586 1994 626 2012 102
640 1994 691 2016 sqq·
707 1989 821 2013 videntur.

886 2030 953 2063 C2
