1913 2427
306 170 342 190 xo
512 156 755 188 LIONIS
809 153 1215 186 SALOMONIS
1260 154 1612 188 vaRAAo

344 244 422 274 Huic
445 243 536 272 scalae
566 243 765 280 applicantur,
793 242 855 270 sive
877 240 987 275 altius,
1017 248 1066 268 seu
1087 240 1154 270 loco
1175 239 1271 269 minus
1295 242 1374 275 alto,
1402 247 1489 277 prout
1517 249 1602 270 casus
1631 242 1735 274 diversi
1763 245 1827 274 exiq

305 304 397 334 gunt,
417 296 488 324 duae
512 295 624 323 tabulae
644 293 753 322 formae
780 291 946 327 circularis,
975 289 1062 325 literis
1082 290 1108 319 D
1129 298 1156 319 et
1175 292 1199 320 C
1225 291 1383 327 intimae,
1411 301 1532 328 quarum
1556 293 1646 329 prima
1666 295 1750 329 plane
1771 304 1820 324 so.

304 348 382 384 lida,
403 348 488 375 altera
510 355 577 375 vero
601 354 666 373 eum
690 345 719 373 in
742 344 859 372 modum
880 342 1041 379 perforata,
1064 349 1096 371 ut
1115 344 1222 372 lancem
1247 344 1274 372 A
1298 343 1486 380 transmittat3
1511 346 1569 380 qua
1588 345 1621 374 de
1636 354 1721 375 causa
1739 346 1824 384 prio—

305 407 362 428 rem
381 399 522 433 rabulae,
544 398 657 427 alteram
682 403 748 424 vero
771 395 894 430 annuli,
916 393 1032 423 nomine
1052 392 1259 429 insigniendam
1281 394 1424 424 ducimus.

321 473 324 476 .
343 451 390 479 Ad
410 450 600 478 definiendum
632 455 745 483 tempus
764 467 774 482 ‚
804 455 863 482 quo
887 446 953 474 lanx
974 445 1000 474 A
1023 452 1100 474 mota
1118 447 1200 483 juxta
1223 452 1325 475 certam
1350 453 1458 483 partem
1482 448 1574 475 scalae
1596 448 1721 484 decidit,
1749 457 1820 486 peu·-

308 502 377 530 dulo
397 501 447 538 PQ
469 500 593 535 utimur,
615 499 663 528 cui
687 500 841 528 descensus
865 497 1006 527 verticalis
1030 497 1163 534 ponderis
1184 508 1202 526 r
1220 504 1329 527 motum
1348 497 1483 534 exiguum
1505 507 1626 535 eumque
1649 499 1823 531 uniformem

306 552 460 587 conciliat,
483 560 567 587 quem
589 551 659 580 lenti
681 551 702 579 P
723 549 989 585 communicamus,
1011 558 1069 578 eam
1093 558 1186 586 usque
1207 551 1241 579 ad
1259 558 1355 578 arcum
1376 549 1409 578 ss
1432 550 1628 586 deprimendo.
1669 551 1818 588 Siquidem

307 603 387 632 funis
405 624 415 638 ‚
443 612 459 631 a
481 612 541 639 quo
565 603 680 639 pondus
704 602 777 630 illud
799 611 817 630 r
837 602 941 637 pendet
957 622 967 636 ‚
999 607 1164 638 tympanum
1182 623 1194 637 ‚
1223 603 1268 630 vel
1300 601 1454 630 trochleam
1472 622 1481 636 ‚
1511 601 1624 637 ambit3
1659 603 1727 631 haec
1751 612 1820 632 vero

305 654 433 683 trochlea
457 655 554 683 eodem
582 662 633 683 axe
663 658 816 688 movetur,
845 661 904 688 quo
927 658 990 682 rota
1008 652 1138 687 dentata,
1167 653 1258 690 cujus?
1272 653 1369 681 dentes
1396 652 1583 688 successive,
1609 659 1637 680 et
1661 653 1695 681 ad
1716 661 1821 682 unum-

307 713 452 741 quamque
473 705 682 734 oscillationem
705 704 841 742 penduli,
861 705 891 733 in
915 711 1038 733 extrema
1060 710 1149 741 agunt
1170 704 1339 740 Anchorae‚
1372 710 1429 740 qua
1454 704 1534 740 virga
1555 704 1675 740 penduli
1695 711 1819 740 superne

302 756 482 785 terminatur.

343 808 421 837 Lens
444 809 478 838 Ρ.
500 816 556 844 ope
575 808 708 837 cochleae
735 813 813 837 certo
838 807 943 843 quovis
970 809 1035 836 loco
1060 807 1108 844 figi
1137 814 1255 844 potest,
1283 812 1369 843 atque
1397 807 1523 836 elevatur
1548 806 1594 835 vel
1624 806 1814 843 deprimitur,

303 868 398 896 usque
417 861 484 889 dum
505 860 661 896 pendulum
686 859 811 896 perfecte
832 859 932 888 habeat
955 859 1168 896 longitudinem
1187 859 1312 890 Pendula·
1333 858 1497 897 simpliet's(
1506 857 1584 893 quod
1601 857 1724 893 singulis
1744 857 1816 886 min.

303 913 423 941 secund.
448 920 531 941 unam
561 912 767 941 oscillationem
793 911 955 947 simplicem
983 911 1128 949 peragit).
1171 910 1241 948 Quo
1274 909 1352 939 facto
1379 908 1556 944 index‚‘axi
1585 915 1663 937 rotae
1689 908 1822 938 dentatae>

306 964 406 992 affixus
438 964 468 991 in
501 963 730 992 circumferentia
756 962 857 991 circuli
883 971 952 999 gm,
983 962 1033 998 qui
1055 962 1087 990 in
1111 963 1149 990 60
1167 968 1263 998 partes
1288 962 1418 997 aequales
1443 959 1575 994 divisus,
1602 959 1670 988 min.
1692 959 1818 990 secunda

304 1021 366 1042 sese
389 1013 511 1042 invicem
529 1013 734 1048 subsequentia
755 1018 908 1041 monstrat.
1654 1043 1657 1045 Α
1745 1039 1747 1043 ⁴

341 1064 397 1092 Hic
419 1064 545 1093 circulus
571 1063 600 1092 in
622 1064 715 1092 medio
737 1070 850 1099 apertus
872 1069 934 1097 est‚
962 1068 995 1091 ut
1018 1062 1048 1091 in
1069 1064 1170 1092 oculos
1197 1063 1351 1092 incurreret
1374 1068 1471 1099 motus
1500 1068 1578 1090 rotae
1606 1061 1754 1101 dentatae,
1778 1068 1822 1093 at-

303 1124 362 1152 que
382 1115 500 1151 insuper
517 1115 660 1151 medium,
683 1124 742 1151 quo
761 1115 869 1143 utimur
889 1114 1032 1143 movendo
1048 1121 1156 1150 partem
1173 1119 1318 1142 curvatam
1344 1123 1412 1149 mn,
1434 1119 1462 1142 et
1478 1113 1564 1150 hujus
1582 1121 1636 1149 ope
1657 1113 1766 1150 stylum
1781 1122 1819 1149 c,

303 1173 333 1196 et
349 1172 456 1202 partem
475 1165 526 1202 de,
554 1167 637 1203 cujus
662 1166 822 1195 extremitas
847 1165 877 1194 in
901 1166 992 1194 scalae
1017 1172 1129 1202 puncto
1152 1175 1167 1193 o
1188 1165 1350 1200 invenitur,
1378 1173 1509 1201 quaeque
1536 1173 1588 1201 per
1610 1165 1819 1195 oscillationem

302 1217 419 1254 penduli
440 1217 475 1246 ab
499 1217 573 1247 istoc
599 1224 709 1254 puncto
732 1224 905 1246 removetur.
946 1216 1014 1254 Qua
1033 1217 1163 1252 remota,
1185 1224 1250 1252 pars
1273 1215 1392 1244 inferior
1409 1206 1499 1244 lancis
1521 1207 1570 1252 A,’
1591 1217 1625 1245 ad
1644 1222 1786 1252 punctum
1803 1225 1819 1244 ο

302 1269 440 1304 adducta,
461 1269 496 1297 ab
520 1269 576 1297 hoc
599 1275 710 1304 puncto
723 1268 851 1304 decidit,
873 1268 971 1296 eodem
992 1274 1159 1302 momento,
1182 1276 1242 1303 quo
1262 1268 1420 1303 pendulum
1445 1267 1552 1303 incipit
1573 1267 1715 1300 oscillare.
1754 1267 1823 1297 Me-

303 1318 382 1347 dium
404 1318 460 1347 hoc
484 1308 698 1354 praeferendum
722 1324 766 1347 est
789 1319 883 1348 medio
906 1327 955 1355 per
975 1318 1140 1347 Atwooa'um
1162 1318 1312 1353 adhibito,
1334 1320 1413 1354 quod
1436 1318 1562 1346 Lancem
1587 1318 1622 1347 ad
1642 1325 1782 1354 punctum
1800 1327 1816 1348 ο

303 1368 481 1404 sustinebat,
502 1376 530 1397 et
553 1376 662 1398 tantum
686 1370 837 1398 constabat
860 1370 976 1399 duobus
998 1373 1111 1409 anguliS
1135 1372 1218 1401 rectis
1240 1373 1314 1400 inter
1337 1381 1368 1401 se
1387 1367 1684 1408 conjunctis3'atq'ue
1708 1374 1738 1402 in
1758 1373 1818 1402 ‘1³2⁴

302 1418 370 1447 bula
401 1419 480 1447 litera
503 1419 525 1448 F
550 1420 670 1448 notatis.
715 1421 800 1458 Qui,
826 1421 851 1450 si
873 1422 931 1451 illis
959 1423 1090 1458 utimur,
1123 1423 1307 1457 retrahendi,
1342 1424 1459 1458 quando
1489 1424 1646 1459 pendulum
1679 1423 1818 1458 quasdam

303 1469 497 1499 oscillationes
520 1470 638 1506 peregit.
679 1470 766 1500 Tunc
795 1479 948 1508 sequentes
971 1472 1167 1502 oscillationes
1190 1474 1365 1502 numerando
1395 1473 1512 1502 definire
1540 1482 1701 1510 possumus
1719 1465 1819 1502 nume—

299 1529 365 1550 sum
384 1521 453 1550 min.
473 1521 613 1555 secund.,
632 1521 739 1556 quibus
763 1522 829 1551 lanx
843 1522 889 1558 A,
910 1530 944 1551 ex
960 1531 1020 1559 quo
1041 1523 1143 1559 incipit
1157 1525 1272 1560 cadere,
1292 1524 1439 1553 descendit
1458 1524 1493 1553 ad
1517 1524 1644 1555 tabulam
1670 1525 1716 1561 D,
1739 1525 1824 1562 hunc

302 1572 333 1601 in
352 1572 436 1601 finem
458 1573 492 1601 ad
514 1572 680 1609 requisitam
699 1572 877 1601 altitudinem
902 1574 1083 1610 dispositam.

312 1643 315 1646 Δ
338 1624 572 1661 Experimentum
593 1624 669 1657 haud
693 1623 819 1661 perfecte
845 1626 997 1661 succede-t,
1023 1625 1053 1654 ni
1074 1625 1141 1656 lanx
1169 1626 1293 1656 tabulam
1314 1635 1349 1656 eo
1372 1628 1439 1664 ipso
1464 1631 1611 1656 momento
1629 1624 1730 1661 feriat,
1744 1634 1819 1662 -qun

301 1675 455 1711 pendulum
478 1675 576 1704 ultima
597 1675 661 1704 vice
682 1675 807 1704 oscillat.
847 1675 946 1717 Quum
975 1678 1207 1712 verovvelocitas
1232 1678 1363 1715 corporis
1392 1678 1518 1706 cadentis
1545 1677 1649 1713 quovis
1673 1665 1822 1717 momento

300 1725 401 1761 lapsus
427 1727 586 1762 accrescit,
615 1718 787 1755 incremento
809 1727 1020 1757 determinando
1049 1736 1164 1757 necesse
1192 1736 1263 1765 est,
1288 1737 1321 1758 ut
1347 1729 1404 1758 vim
1433 1730 1658 1758 acceleratriccm
1691 1729 1820 1765 tempore

303 1776 368 1804 dato
390 1785 500 1806 cessare
520 1777 619 1806 facias.
659 1779 725 1807 Hoc
746 1778 902 1813 requiritur
925 1780 959 1808 ad
977 1779 1155 1809 definiendos
1178 1782 1282 1817 gradus
1307 1781 1492 1817 incrementi,
1523 1782 1601 1817 quod
1626 1781 1718 1818 capiet
1738 1782 1818 1810 velo*

303 1826 376 1855 citas
395 1829 524 1864 corporis
544 1829 640 1857 eodem
664 1837 760 1860 motus
790 1839 889 1867 genere
921 1830 1075 1861 momentis
1106 1831 1293 1867 sequentibus
1323 1833 1414 1869 spatia
1446 1833 1581 1868 quaedam
1610 1832 1814 1869 percurrentis.

302 1876 365 1906 Hac
388 1886 456 1907 vero
485 1879 515 1908 in
538 1889 567 1910 re
594 1881 738 1912 Machina
765 1882 955 1913 Atwoodiana
985 1882 1169 1920 experimenti
1197 1883 1250 1913 rite
1277 1883 1408 1920 capiendi
1439 1884 1582 1913 studiosis
1611 1883 1720 1922 egregie
1751 1882 1817 1920 opi·

303 1929 422 1958 tulatur.

337 1978 485 2011 Lancibus
511 1982 539 2014 A
562 1989 589 2013 et
609 1983 632 2014 B
659 1985 690 2016 in
711 1986 881 2023 aequilibrio
908 1988 1090 2018 versantibus
1106 2009 1118 2025 ‚
1146 1994 1233 2027 atque
1259 1986 1366 2018 annulo
1393 1987 1419 2018 C
1451 1988 1517 2017 loco
1549 1986 1691 2024 requisito
1720 1977 1818 2015 sc'alae

1764 2039 1816 2067 δι”
