1913 2427
235 138 294 180 50>
491 139 496 146 ’
574 134 621 169 1.·
669 137 729 169 a.
814 131 1407 166 ruerat-aizonis

234 249 254 265 ,‚
269 232 416 264 quantum
437 224 509 254 boni
532 223 570 253 sit
592 223 623 252 in
641 222 785 258 amicitia,
806 220 928 258 iudicari
954 227 1068 258 potest:
1091 220 1256 259 atquelioe
1280 218 1394 254 quidem
1417 225 1520 247 omnes
1547 218 1682 248 mortales
1704 216 1755 251 inv

241 298 259 315 ,‚
278 278 434 315 telligunt,
456 283 483 305 et
503 284 532 305 re
552 275 683 312 probant.
724 274 824 309 Itaque
842 273 867 301 si
887 273 1002 308 qnando
1020 272 1138 308 aliquod
1156 271 1281 300 officium
1303 270 1413 301 exstitit
1436 269 1539 304 amici,
1565 269 1593 298 in
1607 270 1752 307 periculis

239 350 258 367 ‚,
277 336 326 359 aut
345 328 500 363 adeundis,
522 329 571 356 aut
593 324 858 360 communicandis,
880 323 946 360 quis
968 329 1011 352 est
1022 344 1037 359 ,.
1054 323 1105 359 qui
1125 323 1154 351 id
1171 330 1230 352 non
1252 320 1381 350 maximis
1405 320 1501 350 efferat
1517 321 1680 350 laudibus?
1701 320 1758 357 qui‘

239 401 259 418 ,‚
279 381 418 409 clamores
443 385 502 408 tota
524 386 625 413 cavea,
648 378 678 406 in
694 374 818 407 Pacuvii
840 374 957 410 fabula,
978 383 1049 403 cum·
1063 375 1210 412 ignorante
1231 381 1316 410 rege,
1337 379 1398 401 uter
1413 381 1510 402 eorum
1528 378 1602 402 esset
1619 372 1756 408 Orestes,

239 431 404 469 „Pylades
429 429 560 458 Orestem
576 436 608 457 se
630 434 693 456 esse
716 427 841 462 diceret,
873 432 906 454 ut
930 432 984 462 pro
1011 426 1063 455 illo
1091 431 1254 460 necaretur,
1283 425 1394 453 Orestes
1419 430 1513 453 autem
1534 424 1593 459 ita,
1619 429 1657 452 ut*
1673 429 1752 459 erat,

241 504 259 521 ,‚
280 483 407 511 Orestem
432 488 463 509 se
485 488 548 509 esse
571 478 783 516 perseveraret?
823 478 938 507 stantes
959 477 1131 513 plaudebant
1148 476 1178 506 in
1199 485 1228 505 re
1250 476 1336 513 ficta;
1369 476 1440 512 quid
1456 475 1623 505 arbitramur
1643 475 1673 505 in
1686 482 1754 503 vern

239 554 258 572 „
277 534 371 563 fuisse
396 531 552 561 facturos?
572 530 662 559 facile*
678 529 829 559 indicabat
844 529 907 565 ipsa
928 534 1027 557 natura
1055 528 1113 556 vim
1141 537 1245 557 suam:
1267 536 1332 557 cum
1347 545 1349 551 ·
1367 527 1519 563 homines,
1551 527 1629 564 quod
1660 525 1754 554 facere

242 585 340 622 „zipsi
363 592 422 614 non
441 582 573 620 possint,
594 581 623 610 id
644 586 718 610 recte
741 580 800 609 fieri
823 580 855 609 in
884 580 971 608 altero
996 579 1203 616 jndicarentff’*
1225 579 1282 616 (de
1308 580 1403 608 Amic.
1430 579 1485 616 7,)
1527 598 1546 613 ,,
1566 577 1682 615 Quanta
1703 585 1769 605 au·.

241 656 260 674 „
280 643 336 665 tem
373 636 419 665 vis
446 633 585 663 amicitiae
613 632 670 667 sit,
699 640 733 660 ex
757 632 812 660 hoc
838 630 959 668 intelli-gi
991 631 1111 660 maxime
1135 636 1255 667 potest,
1291 631 1371 667 quod
1402 639 1436 660 ex
1474 629 1587 659 infinita
1619 627 1757 657 societate

244 708 262 724 „
284 687 393 724 generis
420 685 558 720 humani,
588 692 671 719 quarn
700 681 867 711 conciliavit
898 682 960 717 ipsa
983 688 1100 717 natura,
1130 681 1168 710 ita
1193 687 1339 710 contracta
1366 690 1412 710 res
1442 687 1504 717 est,
1534 686 1563 709 et
1584 679 1704 708 adducta
1726 678 1760 707 in

204 758 213 762 0
246 759 265 775 „
285 744 458 775 angustum,
480 742 514 764 ut
529 735 623 764 omnis
641 732 743 762 caritas
759 739 809 761 aut
825 732 899 760 inter
922 733 1017 767 duos,
1039 739 1088 760 aut
1104 733 1178 760 inter
1194 741 1323 768 paucos,
1340 731 1548 769 jtmgeretur.”
1568 731 1583 768 (
1597 731 1637 759 ib.
1657 739 1683 759 c.
1702 730 1755 768 5.)

244 810 263 827 ,,
283 790 333 818 Sic
358 795 452 818 autem
478 786 549 815 mihi
570 784 731 822 perspicere
753 783 871 818 videor,
895 783 935 811 ita
960 789 1044 811 natos
1068 791 1131 811 esse
1152 791 1225 818 nos,
1258 789 1292 811 ut
1312 783 1388 812 inter
1407 791 1507 812 omnes
1531 788 1607 812 esset
1636 781 1760 811 societas

245 840 439 878 „quae-dam:
463 837 557 874 major
584 842 699 870 autem,
721 840 754 862 ut
777 834 902 870 quisque
920 833 1051 871 proxime
1067 835 1221 863 accederet.
1231 833 1252 846 ’⁹
1272 834 1392 872 (ibid.)
1433 855 1452 869 ‚‚
1473 831 1658 872 Quapropter
1677 841 1692 861 a
1711 840 1773 862 nar

245 897 348 928 „utura
372 889 440 918 mihi
463 889 596 924 videtur,
623 886 723 923 potius
745 893 830 921 quam
846 884 881 913 ab
900 884 1078 922 Indigentia,
1095 891 1157 915 orta
1174 884 1315 921 amicitIa,
1343 892 1371 914 et
1388 885 1579 922 applicatione
1594 883 1684 921 magis
1699 883 1763 913 ani·

245 942 326 979 „Ani
344 950 411 971 eum
435 941 558 977 quodam
584 946 670 979 sensu
692 935 833 972 amandi,
858 944 946 972 quam
969 936 1162 973 cogitatione,
1194 943 1333 972 quantum
1365 936 1413 965 illa
1440 944 1484 964 res
1517 935 1652 963 utilitatis
1683 939 1763 962 esset

245 1014 266 1030 ,‚
285 993 428 1022 habitura.
475 990 564 1028 Quod
592 989 706 1025 quidem
740 988 822 1024 quale
845 988 908 1023 sit,
940 987 1024 1016 etiam
1056 987 1086 1015 in
1110 987 1210 1016 bestiis
1233 987 1406 1024 quibusdam
1429 986 1618 1016 animadverti
1641 990 1763 1022 potest,

247 1064 277 1081 „-
288 1052 360 1080 quae
384 1051 418 1072 ex
442 1050 474 1071 se
501 1047 585 1071 natos
616 1040 657 1069 ita
681 1045 776 1069 amant
807 1038 842 1067 ad
867 1038 1013 1074 quoddam·
1039 1045 1172 1075 tempus,
1198 1040 1229 1067 ‘et
1255 1039 1288 1068 ab
1315 1039 1352 1067 iis
1374 1039 1413 1068 ita
1437 1043 1568 1067 amantur
1584 1057 1594 1073 ,
1621 1043 1654 1065 ut
1678 1035 1768 1065 facile

249 1115 269 1133 ,‚
287 1103 383 1125 earum
410 1102 513 1123 sensus
539 1099 689 1129 appareat3
719 1091 798 1128 quod
822 1091 853 1120 in
877 1091 992 1120 homine
1015 1091 1114 1119 multo-
1134 1097 1178 1120 est
1208 1090 1378 1120 evidentius.
1419 1089 1544 1119 Primum
1573 1096 1608 1118 ex
1630 1096 1661 1117 ea
1693 1086 1771 1117 cari-

251 1168 270 1184 „
289 1154 364 1182 tate,
387 1154 462 1183 quae
476 1151 520 1174 est
542 1145 617 1174 inter
632 1149 765 1173 natos-et
780 1148 929 1179 parentes;
952 1150 1024 1177 quae
1039 1141 1153 1177 dirimi,
1173 1142 1230 1171 nisi
1249 1141 1409 1171 detestabili
1430 1142 1557 1176 scelere,
1583 1148 1642 1169 non
1657 1145 1765 1177 potest.

253 1219 271 1235 „
290 1199 402 1228 Deinde
422 1205 489 1227 cum
509 1195 737 1225 similis'sensus
758 1193 856 1223 existit
883 1193 1011 1229 amoris,
1040 1193 1065 1222 si
1088 1193 1211 1229 aliquem
1235 1193 1311 1222 nacti
1339 1201 1460 1229 sumus,
1485 1194 1571 1230 cujus
1594 1200 1663 1221 cum*
1680 1191 1782 1221 mori·-

253 1250 347 1287 „Aaus
372 1255 400 1277 et
422 1254 523 1277 natura
548 1254 767 1284 congruamus,
799 1246 877 1281 quod
902 1244 932 1274 in
957 1253 995 1274 eo
1017 1245 1101 1280 quasi
1132 1245 1227 1274 lumen
1259 1245 1377 1281 aliquod
1409 1244 1564 1281 probitatis
1591 1250 1627 1273 et·
1648 1242 1779 1273 virtutis-

253 1318 272 1336 „
292 1299 453 1337 perspicere
476 1298 633 1327 videamur.
673 1296 756 1327 Nihil
781 1302 824 1325 est
848 1296 923 1324 enim
951 1295 1102 1324 amabilius
1123 1296 1252 1332 virtute,
1273 1296 1366 1331 nihil,
1396 1296 1479 1331 quod
1497 1295 1587 1332 magis
1606 1293 1715 1323 alliciat
1731 1293 1781 1322 ad·

255 1370 277 1391 ,5
294 1350 489 1387 diligendum:
512 1348 621 1384 quippe
643 1356 708 1376 cum
732 1354 850 1384 propter
877 1347 1010 1375 virtutem
1041 1353 1069 1375 et
1100 1347 1270 1382 probitatem
1300 1354 1350 1375 eos
1376 1346 1482 1382 etiam,
1513 1353 1590 1381 quos
1620 1351 1776 1381 nunquam

255 1422 276 1439 „
293 1402 440 1436 vidimus,
471 1397 902 1436 quodammodo'diligamus.”
924 1398 1030 1436 (conf.
1055 1398 1141 1427 Orat.
1159 1404 1216 1436 p-ro
1236 1397 1385 1426 Marcello
1405 1406 1430 1426 c.
1453 1399 1506 1434 3.)

293 1473 318 1489 „
338 1452 413 1491 Quis
438 1458 501 1487 est,
524 1451 574 1487 qui
596 1450 630 1479 C.
652 1450 803 1485 Fabricii,
825 1448 865 1477 M
871 1451 888 1478 ,θ
912 1449 1015 1484 Curii,
1036 1457 1094 1478 non
1111 1453 1177 1476 cum
1195 1449 1319 1477 caritate·
1333 1448 1429 1484 aliqua
1438 1453 1471 1476 'et
1495 1447 1693 1476 Benevolentia
1714 1454 1775 1476 me·

258 1524 284 1540 „
303 1502 422 1533 moriam
448 1508 588 1537 usurpet,
610 1509 685 1536 quos
708 1508 854 1536 nunquam
873 1499 999 1529 viderit?
1022 1500 1087 1537 quis
1108 1506 1200 1529 autem
1226 1507 1289 1535 est,
1311 1499 1362 1536 qui
1380 1499 1574 1538 Tarquinium
1592 1498 1773 1536 Superbum,

256 1576 289 1592 ,λ
302 1554 352 1591 qui
370 1555 417 1593 Sp.
436 1553 585 1588 Cassium,
605 1553 652 1591 Sp.
671 1551 839 1586 Maelium,
859 1559 921 1580 non
941 1551 1055 1580 oderit?
1077 1551 1154 1580 Cum
1172 1551 1287 1580 duobus
1303 1550 1432 1579 ducibus
1446 1551 1480 1578 de
1501 1549 1620 1586 irnperio
1641 1548 1671 1578 in
1692 1547 1778 1578 Italia

257 1625 284 1642 ,‚
303 1606 476 1634 decertatum
501 1610 567 1638 est,
589 1603 704 1640 Pyrrho
725 1608 752 1631 et
767 1601 954 1631 Hannibale:
976 1603 1010 1631 ab
1036 1604 1144 1638 altero,
1166 1609 1285 1638 propter
1306 1601 1476 1638 probitatem
1502 1601 1584 1638 ejus,
1606 1608 1665 1629 non
1685 1598 1776 1629 nimis

259 1677 282 1693 „
303 1657 415 1685 alienos.
434 1655 547 1684 animos
569 1655 724 1688 habemus,
746 1653 862 1681 alterum
881 1660 1000 1689 propter
1017 1654 1209 1682 crudelitatem
1232 1661 1342 1689 semper
1365 1653 1433 1681 haec
1456 1652 1558 1681 civitas
1577 1651 1678 1681 oderit.

299 1728 323 1743 ‚,
344 1706 459 1745 Quodsi
489 1712 567 1734 tanta
590 1706 635 1734 vis
665 1704 820 1741 probitatis
843 1710 906 1739 est,
935 1711 967 1732 ut
992 1713 1050 1733 eam
1077 1705 1121 1733 vel
1140 1704 1171 1732 in
1194 1704 1252 1739 eis,
1285 1712 1359 1740 quos
1382 1711 1529 1740 nunquam
1554 1702 1697 1737 vidimus,
1729 1701 1776 1731 ve!

264 1777 287 1794 „
304 1758 383 1793 quod
403 1757 494 1794 maius
513 1762 578 1792 est,
604 1757 633 1784 in
657 1756 741 1785 hoste
757 1755 840 1784 etiam
858 1755 1024 1791 diligamus:
1050 1756 1121 1792 quid
1137 1756 1259 1790 mirum,
1280 1755 1304 1785 si
1322 1755 1410 1785 animi
1429 1755 1576 1784 hominum
1603 1759 1774 1788 moventur,

254 1826 287 1844 ⁴„
303 1817 368 1838 cum
388 1816 508 1843 eorum,
531 1807 705 1844 quibuscum
732 1815 785 1835 usu
808 1807 957 1844 conjuncti
977 1815 1040 1835 esse
1062 1814 1209 1843 possunt,
1231 1807 1365 1835 virtutem
1383 1813 1409 1835 ct
1434 1806 1591 1835 bonitatem
1616 1804 1782 1841 perspicere

266 1880 285 1895 ‚‚
304 1859 478 1888 videantur?
518 1859 699 1896 Quamquam
722 1855 907 1886 confirmatur
935 1865 1015 1886 amor
1041 1864 1069 1886 et
1092 1857 1228 1886 beneficio
1256 1864 1394 1894 accepto,
1423 1863 1451 1885 et
1481 1856 1579 1885 studio
1603 1863 1784 1892 perspector

260 1932 286 1947 .„
304 1918 331 1940 et
356 1910 567 1939 consuetudine
591 1911 741 1947 adjuncta,
764 1909 871 1946 quibus
896 1901 1035 1938 rebusad
1053 1909 1138 1938 illum
1156 1909 1279 1945 primum
1308 1915 1418 1938 motum
1441 1907 1526 1936 animi
1550 1914 1577 1935 et
1601 1906 1705 1935 amoris
1727 1907 1783 1935 ad·

270 1981 294 1999 a
308 1961 430 1996 bibitis,
456 1961 630 1994 admirabilis
652 1960 795 1998 *quaedam
818 1958 978 1990 exardescit
994 1960 1214 1993 benerolentiae
1231 1958 1439 1997 maguitudcffl
1465 1959 1523 1996 (de
1548 1957 1644 1988 Amic.
1670 1958 1698 1986 θ.
1719 1957 1789 1993 9,)

328 2037 330 2039 -
1019 2019 1024 2023 ’
1699 2026 1720 2044 ,,
1738 2006 1781 2037 Ut
