1913 2427
222 140 265 173 ἀδ
471 136 510 167 Η.
577 136 612 167 C.
678 142 788 166 vau
853 141 958 163 nnn
1021 129 1198 161 BOON
1263 130 1488 162 MESCH

226 227 332 262 Fagara
352 223 495 253 Octandra
515 222 662 252 Americae
679 219 822 249 calidioris
837 218 986 254 indigena,
1007 216 1175 245 Labdanum
1195 216 1287 245 cistus
1309 215 1450 251 creticus,
1471 214 1566 244 frutex
1589 215 1732 249 Can'diaet

226 276 347 306 exsudat
367 281 460 304 tamen
482 273 590 302 resinae
615 271 724 308 species
754 279 788 299 ex
812 269 885 299 Pino
910 267 1049 304 Sylvestri
1070 273 1097 295 et
1117 267 1237 302 Abiete,
1263 266 1413 295 arboribus
1442 265 1684 302 frequentissimis
1700 268 1733 298 in

227 327 321 364 sylvis
341 325 524 356 Borealibus:
548 329 690 360 praeterea
711 328 834 358 gemmae
853 318 998 347 tutissima
1019 318 1211 354 hybernacula
1232 317 1341 346 caudici
1362 318 1541 346 adscendenti
1566 318 1733 355 insidentia,

227 384 336 415 praeter
349 378 445 413 plures
456 397 466 411 ,
484 375 592 412 quibus
611 378 764 407 constant,
783 378 916 406 squamas
928 375 956 397 et
973 368 1191 404 pulcherrimam
1203 390 1212 404 ,
1229 369 1311 404 quasi
1326 368 1477 404 sericeam,
1495 376 1633 397 tex-turam
1651 370 1735 399 intus

230 428 486 465 circumpositam,
515 432 542 454 et
571 425 616 453 his
641 423 727 452 armis
763 423 910 452 tenerrima
941 421 1079 449 foliorum
1108 419 1261 456 primordia
1287 425 1387 448 contra
1412 419 1529 456 frigoris
1550 420 1668 457 injurias
1689 421 1737 450 de-

227 480 371 515 fendunt,
392 485 426 506 ut
449 476 637 506 circumdatae
659 475 716 504 sint
739 474 842 502 lamina
872 472 1001 501 materiae
1030 472 1154 507 tenacis,
1183 471 1280 508 digitis
1310 470 1500 505 adhaerentis,
1530 470 1640 506 Hyeme
1668 470 1739 500 soli-

229 530 338 565 dioris,
358 529 431 557 Vere
455 527 617 562 mollioris,
639 534 710 562 quae
731 526 860 554 materies
879 525 993 561 penitus
1016 523 1142 552 resinosa
1166 529 1228 557 est3
1253 522 1343 550 resina
1368 530 1435 550 vero
1459 521 1602 557 pessimus
1625 528 1670 550 est
1692 530 1739 551 ca-

231 580 316 610 lorici
342 580 524 614 conductor;
547 578 709 607 observavit
728 586 794 605 vero
816 577 964 605 Litmaem
983 576 1095 612 plantas
1120 575 1269 610 plerasque
1294 573 1323 602 in
1350 573 1464 610 frigidis
1486 573 1567 601 terris
1596 573 1739 610 ejusmodi

231 631 353 668 gemmis
385 639 446 659 esse
477 630 652 664 instructas,
682 628 791 663 quibus
810 634 905 655 carent
934 626 990 655 fere
1017 635 1115 655 omnes
1142 625 1171 653 in
1199 625 1299 653 calidis
1330 624 1506 661 regionibus.
1550 623 1680 659 Denique
1696 624 1741 653 in-

231 682 359 720 greditur
387 689 470 710 omne
497 680 601 709 folium
637 680 742 708 resinae
767 679 903 714 quaedam
928 676 1040 713 species
1066 676 1165 704 viridis
1189 675 1296 704 coloris
1317 675 1410 713 (35).
1451 675 1621 703 Earumdcm
1648 674 1741 711 regio-

231 742 301 764 num
327 742 445 769 quoque
467 733 607 769 producta
627 737 695 759 sunt
716 731 755 758 ita
771 730 862 758 dictae
885 727 1159 761 Gummi-resinae,
1188 735 1260 761 quas
1293 732 1384 755 tamen
1405 726 1595 762 experimenta
1623 725 1736 761 aliquot

232 793 292 814 non
316 793 361 813 eas
384 793 445 813 esse
467 783 608 819 probant,
634 783 683 810 sed
705 781 803 817 potius
825 780 968 808 habendas
989 788 1050 808 esse
1081 779 1215 814 copulam
1241 778 1370 806 materiae
1390 777 1558 806 extractivae
1582 777 1625 805 vel
1647 777 1741 806 Gum-

232 844 329 865 mosae
349 844 417 863 curn¹
439 835 502 863 oleo
527 834 655 862 aethereo
679 839 706 860 et
730 831 839 866 resina,
865 832 910 859 vel
940 838 1005 858 cum
1035 830 1148 858 materia
1173 829 1254 865 quasi
1292 828 1481 857 inter-cedente
1517 828 1590 856 inter
1619 828 1742 857 resinam

229 893 261 915 et
282 886 376 915 oleum
399 885 570 914 aethereum.
613 883 763 921 Quidquid
786 883 842 917 sit⁷
865 881 961 910 nescio
987 889 1022 909 an
1044 880 1185 917 ejusmodi
1210 879 1324 907 materia
1348 887 1482 914 umquam
1511 878 1625 907 inventa
1649 880 1687 908 sit
1709 880 1745 908 irt

229 938 399 967 Borealibus
416 937 518 972 terris;
548 937 643 972 plures
664 943 731 963 vero
755 934 890 962 novimus
919 930 1045 968 proferre
1068 931 1163 959 Indias
1187 937 1214 959 et
1237 929 1420 965 Americam3
1449 929 1490 957 sic
1512 930 1673 958 Galbanum
1695 938 1746 966 pa-

230 994 276 1017 rat
310 988 404 1016 frutex
435 987 576 1021 Arabiae,
606 985 721 1021 Syriae,
750 984 845 1012 Indiae
868 983 1028 1017 orientalis,
1058 981 1275 1010 Ammoniacum
1301 981 1425 1015 Africa,
1448 981 1549 1010 Aloem
1578 981 1675 1010 frutex
1697 982 1744 1010 In-

233 1038 315 1073 diae,
342 1037 444 1066 Assam
471 1036 606 1065 foetidam
629 1034 740 1063 Persiae
766 1035 862 1070 planta
884 1031 1017 1068 perennis
1033 1052 1043 1066 ,
1073 1031 1240 1068 Sajapenum
1265 1032 1362 1067 planta
1391 1030 1542 1059 umbellata
1567 1031 1745 1069 Orientalis,

231 1087 446 1117 Scammonium
473 1086 697 1120 Convolvulus,
730 1086 825 1120 planta
848 1083 1002 1112 Orientalis
1019 1103 1029 1117 ,
1059 1082 1179 1111 Gummi
1208 1088 1317 1119 guttam
1347 1082 1431 1110 arbor
1458 1083 1554 1111 indiae
1573 1083 1746 1120 Orientalis,

232 1138 394 1174 Guajacum
425 1136 536 1173 profert
570 1136 651 1165 India
679 1135 901 1169 Occidentalis,
935 1133 1084 1169 Myrrham
1112 1133 1290 1169 Aethiopia,
1327 1133 1481 1162 Olibanum
1520 1140 1548 1162 et
1580 1134 1748 1171 Opoponen

234 1189 358 1224 oriens,
374 1187 576 1224 Euphorbium
591 1187 686 1215 frutex
707 1185 823 1214 Africae
841 1184 1033 1214 meridionalis
1044 1204 1054 1218 ,
1077 1183 1226 1213 Carannan
1243 1184 1375 1219 Guinea,
1394 1185 1533 1213 B'tlellrum
1549 1185 1627 1215 India
1644 1187 1746 1217 Orien-

233 1239 299 1267 talis
317 1239 377 1275 (36
389 1242 414 1274 J.
454 1238 561 1267 Eadem
584 1246 627 1265 res
648 1244 692 1265 est
710 1245 776 1265 cum
799 1237 927 1264 balsamo
947 1235 1007 1262 sive
1032 1235 1121 1271 magis
1148 1236 1238 1264 fluido
1261 1235 1323 1264 sive
1347 1237 1500 1272 spissiore,
1523 1238 1602 1272 quod
1625 1237 1747 1268 habetur

235 1291 341 1326 copula
355 1289 479 1324 resinae,
501 1288 574 1317 acidi
593 1288 744 1323 Benzoi'ci,
766 1287 879 1323 oleique
900 1287 1077 1324 essentiali53
1099 1289 1141 1318 sic
1163 1289 1390 1325 Opobalsamum
1405 1289 1513 1324 profert
1531 1290 1647 1326 Aruyris
1667 1289 1748 1326 gilia·

239 1344 336 1372 densis
355 1344 382 1372 in
399 1342 522 1378 Arabia,
543 1342 688 1378 Copaivae
703 1342 861 1370 balsamum
884 1342 911 1370 in
929 1329 1059 1370 America
1078 1340 1255 1369 meridionali
1281 1340 1441 1376 Copa‘ivera
1459 1339 1624 1376 officinalis,
1653 1341 1748 1369 Balsa-

235 1403 315 1423 mum
340 1394 490 1422 tolitanum
520 1393 668 1421 'soluil'era
694 1394 722 1422 in
747 1393 888 1422 America.
929 1393 963 1421 B.
992 1392 1175 1428 peruvianum
1201 1392 1378 1428 Myroxylon
1403 1392 1431 1419 in
1459 1391 1588 1420 America
1617 1392 1749 1421 meridio-

235 1446 312 1480 nali,
333 1445 478 1480 Styracem
504 1444 639 1480 liquidam
663 1444 869 1479 Liquidambar
891 1445 1000 1481 profert
1021 1445 1050 1473 in
1072 1445 1203 1473 Anu-rica
1219 1442 1466 1479 Septemtrlonali,
1494 1443 1625 1472 benzo'en
1648 1449 1748 1479 styrax

235 1493 267 1526 in
291 1497 369 1525 India
391 1495 542 1529 orientali,
564 1503 703 1531 styracem
729 1496 756 1523 in
782 1496 884 1524 massis
905 1496 1006 1532 Styrax
1034 1497 1062 1524 in
1084 1496 1209 1524 Oriente.

274 1548 377 1576 Iisdem
407 1554 523 1582 quoque
548 1547 628 1574 terris
654 1546 791 1582 competit
817 1546 926 1582 egregie
950 1548 1064 1575 elastica
1088 1548 1214 1576 resinosa
1233 1546 1342 1582 species
1367 1546 1559 1576 Canutchouc
1580 1546 1654 1575 dicta
1665 1555 1678 1581 ;‘
1700 1553 1748 1574 ex-

237 1599 328 1627 stillat
358 1600 424 1626 hacc
457 1598 583 1625 materies
612 1606 645 1625 ex
678 1598 831 1625 vulneratis
870 1597 988 1625 lloevea
1011 1598 1202 1625 Caoutchouc
1233 1605 1259 1625 et
1290 1598 1425 1632 latroplia
1455 1598 1595 1632 clastica,
1624 1595 1748 1625 forsitan

240 1659 273 1678 ex
292 1650 353 1678 aliis
380 1649 503 1677 Hoeveis
531 1656 557 1676 et
583 1649 723 1684 latropliis
739 1669 748 1683 ,
777 1648 883 1684 plantis
909 1648 1055 1676 Americae
1080 1648 1270 1676 meridionalis
1286 1668 1296 1682 ‚
1325 1655 1357 1675 ut
1378 1656 1410 1676 ex
1436 1648 1503 1675 rico
1523 1648 1634 1681 indica,
1660 1647 1748 1674 Arto-

238 1709 323 1735 carpo
351 1700 541 1737 '¹utegril‘olia‚
562 1707 587 1727 et
614 1699 735 1727 uetula
753 1698 886 1733 clastica,
913 1700 1018 1735 plantis
1036 1699 1189 1727 Orientali-s.
1217 1699 1310 1727 Indiae
1337 1701 1429 1736 237).
1471 1698 1655 1726 Bascholtziass
1679 1696 1749 1725 dicit

239 1758 271 1778 se
293 1750 322 1779 in
345 1753 412 1788 opio
433 1750 575 1780 invenisse
599 1751 669 1779 hanc
694 1758 835 1785 usuram,
856 1758 882 1779 et
905 1751 1053 1779 contendit
1076 1749 1245 1780 Grindclias
1272 1749 1301 1778 in
1321 1750 1427 1786 plantis
1457 1749 1635 1786 frigidiorum
1657 1747 1749 1783 regio-

1681 1805 1750 1828 num

265 1881 332 1909 (35)
348 1884 423 1904 Τποωι,
439 1884 462 1906 L.
476 1884 501 1905 L.
520 1893 541 1911 p.
555 1892 581 1912 :4
597 1899 603 1905 .

268 1922 331 1949 (36)
351 1924 425 1945 ‘Murum
439 1924 464 1945 L.
480 1925 507 1946 L.
526 1933 538 1951 ρ
564 1931 613 1949 3η.
648 1926 755 1952 Thmui,
772 1931 825 1948 tom.
839 1926 865 1948 L·
879 1924 904 1947 L
924 1933 945 1954 p.
959 1932 1009 1953 ’.ῃ-4ο.

262 1961 280 1991 Ι(
287 1963 331 1991 ³7)
348 1964 421 1986 Dio-n.
435 1967 451 1987 L
474 1965 498 1986 L·
520 1973 540 1992 p,
557 1972 595 1992 με
610 1972 657 1993 seq.
689 1968 796 1995 vaurd,
811 1966 838 1990 1..
849 1966 877 1990 1..
891 1973 917 1995 Ρ.
930 1968 982 1995 ⁵¹38·
1010 1967 1101 1991 cnud.
1113 1965 1139 1991 L.
1151 1966 1177 1990 L
1193 1972 1217 1994 Ρ·
1230 1971 1267 1994 ⁴¹·

1857 237 1865 247 s
1858 154 1872 218 “ij
