1913 2427
224 186 270 222 50
333 180 432 216 mc.
463 185 549 211 vnw
570 183 649 207 „mx
675 168 815 205 BooN
843 167 1015 200 MESC'H
1046 168 1429 204 COMMENTATIO
1459 171 1702 204 CHEMICA.

268 271 348 303 ΧΠῙ.
387 268 490 300 Parum
511 269 643 294 constare
668 259 822 289 etiamnum
852 256 887 285 de
913 255 1058 285 morbosis
1086 258 1247 303 plantarum
1278 258 1485 289 secretionibus
1501 279 1511 295 ‚
1539 265 1600 287 tum
1621 258 1656 287 de
1679 257 1745 286 reli·

235 326 322 364 quis,
347 329 409 352 tum
429 316 561 356 inprimis
581 315 616 344 de
641 308 840 341 obtinentibus
869 307 899 336 in
930 307 1030 337 umbra
1053 315 1081 338 et
1104 310 1240 339 tenebris.
1281 309 1376 348 Quare
1404 310 1491 339 nobis
1524 318 1584 339 non
1615 315 1746 346 superest

233 376 292 408 nisi
309 374 389 412 pium
413 376 534 404 votum,
562 372 596 395 ut
617 362 807 400 physicorum
832 359 991 396 industria,
1014 360 1086 390 hanc
1108 362 1247 399 physicae
1263 361 1433 399 disciplinae
1453 367 1560 398 partem
1582 357 1638 389 sibi
1654 359 1750 388 elabo-

234 428 350 458 randam
371 429 508 455 sumens,
530 419 608 447 hune
632 414 774 449 defectum
791 411 936 441 ditissimo
958 413 1214 449 experimentorum
1233 420 1260 442 et
1288 412 1523 442 observationum
1549 411 1682 440 thesauro
1703 419 1751 440 ex-

241 479 335 517 pleat3
362 482 436 512 quae
465 470 599 508 quidem,
623 467 660 497 ob
683 465 870 501 multiplicem
896 469 940 493 tot
961 463 1120 500 plantarum
1141 464 1384 501 compositionem
1404 470 1434 492 et
1454 462 1560 492 variam
1583 461 1684 500 agendi
1702 469 1752 503 Vra-

241 531 349 560 tionem
359 549 371 564 ‚
394 524 533 556 institutu
554 521 678 552 difficilia
702 526 729 549 et
743 518 856 555 saepius
873 517 1022 554 repetenda
1036 517 1098 546 fore
1110 525 1282 554 auguramur
1292 537 1302 551 ‚
1323 515 1510 544 momentosis
1523 523 1592 544 vero
1604 512 1752 544 effectibus

233 588 267 613 et
283 578 448 620 insignibus
468 575 508 609 rei
532 573 733 606 oeconomicae
752 568 924 600 utilitatibus
948 569 1097 600 afferendis
1116 569 1211 607 gravia
1233 575 1260 598 et
1280 567 1481 598 memorabilia.

802 695 1185 727 TANTUM.

697 890 720 907 ‚‚
739 868 896 907 Corporeus
918 867 970 896 ille
987 864 1108 905 (ignis)
1130 866 1230 897 vitalis
1253 871 1280 895 et
1303 863 1446 894 salutaris
1467 864 1564 894 omnia
1581 867 1753 899 conservat,

734 941 754 959 „
774 920 849 958 alit,
870 925 978 959 auget,
998 919 1138 956 sustinet,
1159 926 1297 957 sensuque
1318 917 1417 956 afficit.
1432 915 1452 928 ”

1403 997 1575 1028 Cxczno.
