1913 2427
357 114 842 150 DISSERTAJTIO
908 116 1447 160 PHILOSOPHICA.
1621 137 1662 170 17v

158 225 181 242 ‚‚
202 214 245 234 res
262 203 433 241 Philosophi
459 206 519 242 (ita
542 205 607 233 Piso
624 205 658 233 de
675 205 770 233 Fiut'b.
795 204 833 232 V.
856 205 929 242 20.)
957 207 991 234 ad
1014 206 1189 236 Incunabula
1215 209 1353 238 accedunt
1369 231 1378 245 ,
1401 210 1479 245 quod
1506 211 1534 239 in
1562 214 1659 248 pueri-

151 277 171 294 „
189 258 228 285 tia
255 256 390 285 facillime
413 264 443 284 se
466 256 637 284 arbitrentur
664 262 780 284 naturae
794 256 970 284 voluntatem
988 266 1074 293 posse
1097 267 1279 295 cognoscere.
1301 260 1359 296 (cle
1378 261 1472 290 Finilz.
1492 261 1531 290 V.
1557 271 1581 292 c.
1600 264 1654 301 6.)

149 328 168 344 ‚,
189 307 294 336 Totius
310 308 384 335 enim
409 306 585 342 quaestionis
605 308 685 344 ejus,
709 315 780 342 quae
804 306 924 334 habetur
945 308 977 335 de
996 308 1102 337 finibus
1122 310 1264 338 bonorum
1290 318 1316 339 et
1337 313 1496 346 malorum,
1526 312 1592 341 fons
1616 323 1656 342 re—

149 380 168 394 „
188 359 336 394 periendus
359 365 420 393 est,
442 358 472 386 in
492 366 552 393 quo
575 358 634 386 sint
654 357 745 393 prima
769 357 952 386 invitamenta
975 366 1105 388 naturae:
1129 369 1188 395 quo
1207 362 1341 398 invento,
1364 363 1456 391 omnis
1474 363 1508 391 ab
1523 372 1555 392 eo
1574 365 1656 399 quasi

149 431 169 445 ‚‚
189 410 280 446 capite
304 411 338 438 de
360 418 472 438 summo
494 408 570 437 bono
598 415 626 437 et
647 408 722 436 malo
749 407 908 443 disputatio
931 409 1056 439 ducitur.
1100 412 1133 438 In
1153 411 1250 445 pueris
1276 421 1344 441 vero
1369 413 1420 450 [in
1442 414 1549 449 quibus
1574 415 1652 444 velut

147 481 166 497 ,‚
186 461 216 489 in
229 460 355 496 speculis
372 467 472 489 natura
484 461 625 495 cernitur,
646 459 704 496 (dc
719 460 785 487 Fin.
801 458 839 487 ib.
859 467 887 487 c.
905 462 1000 498 22.)]
1021 462 1161 492 virtutum
1177 462 1263 499 'quasi
1279 464 1450 493 scintillulas
1463 465 1593 494 videmus
1606 487 1616 502 ‚
1639 475 1655 495 e

146 532 164 548 ‚,
187 512 293 547 quibus
323 512 437 540 accendi
457 511 627 548 Philosophi
656 510 727 538 ratio
760 508 861 544 debet,
891 516 923 538 ut
951 519 1009 539 eam
1035 514 1118 548 quasi
1158 514 1251 542 Deum
1281 515 1381 543 ducem
1412 515 1594 552 subsequens
1615 518 1651 546 ad

145 584 164 599 ,‚
186 570 300 591 naturae
319 564 464 598 perveniat
485 570 653 592 extremum.
675 561 739 597 (ib.
762 560 802 589 V·
827 563 895 598 15.)
936 562 1079 592 Constitit
1104 572 1195 593 autem
1225 565 1283 594 fere
1310 565 1382 603 inter
1407 575 1522 602 omnes,
1551 568 1595 603 id,
1624 569 1655 598 in

143 635 163 650 ‚‚
184 623 244 650 quo
265 613 457 650 prudentia,”
478 625 490 651 ς,
505 622 589 649 quam
611 620 692 641 antea
715 618 807 640 artem
830 613 909 640 vitae
929 613 1055 648 dixerat,
1079 615 1246 645 definitione
1269 616 1478 647 Aristotelica:
1507 619 1587 647 conf,
1607 619 1654 650 W.

139 665 175 694 T.
199 667 304 703 Krug,
334 665 431 694 Gesclz.
456 665 509 693 der
533 665 611 694 Phil.
639 663 695 692 alt.
718 663 796 691 Zaelt.
823 663 850 698 §-
869 664 944 701 94.)
981 685 1004 700 „
1026 673 1204 702 versaretur,
1236 673 1263 695 et
1295 669 1374 703 quod
1404 669 1521 704 adsequi
1551 671 1653 706 vellet,

143 737 161 752 ,,
181 713 278 752 aptum
300 722 327 743 et
347 716 593 744 accommodatum
615 721 731 743 naturae
754 721 817 742 esse
840 721 990 750 oportere,
1012 722 1039 743 et
1058 717 1128 752 tale,
1158 724 1190 745 ut
1209 718 1308 754 ipsum
1340 727 1391 754 per
1415 728 1444 747 se
1467 719 1599 749 invitaret
1627 728 1655 750 et

141 789 161 804 ,‚
180 767 303 795 alliceret
325 767 482 803 appetitum
506 767 612 802 animi,
642 774 724 802 quem
748 767 830 801 ὁρμὴν
852 765 955 794 Graeci
983 768 1127 797 vocant.”
1154 769 1218 806 (ib.
1247 778 1270 798 c.
1293 770 1348 807 6.)
1389 770 1527 799 Naturam
1557 771 1654 807 itaque

135 819 238 847 ducem
269 818 414 854 secuturi,
446 827 542 854 „qua
570 819 641 847 duce
670 816 755 845 errari
778 817 859 845 nullo
888 818 975 846 modo
1004 819 1150 854 potest,''
1187 820 1244 856 (de
1274 820 1365 858 Legg.
1394 821 1417 850 Ι.
1441 822 1470 849 6.
1503 822 1585 852 conf.
1616 823 1651 851 d:

131 868 241 907 ,Officiis
263 871 284 898 Ι.
307 871 378 905 28.)
404 870 455 904 qui
488 869 694 907 integerrimam
721 874 748 895 et
779 867 961 903 purissimam
989 876 1048 897 eam
1072 869 1278 906 observarunt,
1310 871 1344 899 ad
1370 871 1446 900 illam
1477 880 1593 902 aetatem
1621 883 1651 904 se

135 920 340 955 contulerunt,
373 929 457 956 quam
478 921 578 949 alienis
599 919 748 948 affectibus
772 918 861 947 nullis
891 920 984 947 adhuc
1013 920 1128 949 mixtam
1155 928 1181 949 et
1206 922 1401 958 depravatam,
1429 930 1486 951 arte
1508 931 1557 952 aut
1584 926 1652 954 edu-

130 971 244 999 catione
268 972 396 1000 nondum
422 979 584 1007 corruptam
602 991 612 1006 ,
641 970 864 1004 existimarunt,
891 978 984 1005 neque
1009 971 1064 999 hoc
1096 971 1125 1000 in
1150 972 1265 1001 homine
1293 980 1403 1002 tantum
1436 974 1643 1011 instituerunt,

134 1022 184 1050 sed
207 1023 340 1059 adjuncta
360 1022 491 1051 animalia
514 1023 597 1050 etiam
619 1021 746 1057 reliqua,
768 1020 856 1048 eidem
882 1020 1076 1050 observationi
1100 1023 1246 1060 subjecta,
1272 1033 1338 1052 cum
1359 1025 1475 1054 homine
1500 1035 1649 1062 compara·

126 1079 217 1108 runt,
240 1074 374 1108 quoniam
402 1095 420 1110 ‚7
441 1074 569 1103 omnium
590 1081 653 1102 esse
671 1078 800 1101 naturam
823 1079 1002 1100 communem
1011 1072 1031 1084 ’³
1051 1073 1066 1110 (
1078 1073 1112 1101 de
1136 1075 1256 1103 Finibus
1275 1075 1314 1106 V.
1336 1077 1391 1113 9.)
1418 1076 1642 1107 arbitrabantur:

133 1133 304 1160 quamquam
326 1124 355 1154 in
379 1126 443 1154 aliis
462 1126 542 1154 aliter
563 1131 663 1154 natura
686 1122 863 1158 constituta,
886 1130 971 1159 atque
991 1124 1126 1154 dissimili
1150 1132 1275 1154 extremo
1298 1127 1424 1162 praedita
1446 1128 1497 1156 sit.

168 1175 310 1204 Putabant
327 1177 401 1205 enim
425 1177 562 1212 Veteres,
591 1184 622 1204 se
644 1181 706 1203 tum
728 1173 864 1202 facillime
884 1174 1010 1204 hominis
1034 1183 1161 1206 naturam
1190 1177 1335 1214 propriam
1360 1186 1582 1216 perspecturos,
1604 1182 1648 1218 si,
1678 1212 1683 1217 κ

131 1226 202 1262 quid
232 1227 281 1255 illa
308 1227 432 1256 differret
460 1237 475 1256 a
498 1227 674 1263 reliquorum
704 1225 868 1254 animalium
897 1232 1013 1262 natura,
1042 1227 1244 1257 observassent
1262 1250 1272 1264 ,
1302 1229 1445 1266 finemque
1467 1231 1648 1262 invenissent

129 1277 256 1306 hominis
283 1285 399 1307 naturae
424 1279 594 1314 proprium,
621 1285 708 1313 atque
733 1276 921 1313 peculiarem,
951 1285 966 1304 a
990 1284 1146 1308 ceterorum
1180 1280 1236 1308 fine
1264 1281 1422 1310 diversum.
1465 1302 1483 1318 „
1504 1282 1576 1310 Nam
1598 1284 1650 1313 illa

133 1348 152 1364 „
171 1330 261 1365 prima
277 1329 487 1358 commendatio
509 1329 574 1366 (sic
590 1329 676 1364 Piso,
700 1328 735 1356 de
751 1326 846 1355 Finib.
867 1325 906 1354 V.
931 1329 1002 1364 15.)
1031 1338 1104 1365 quae
1126 1339 1141 1358 a
1162 1336 1261 1358 natura
1283 1332 1375 1360 nostri
1405 1331 1479 1360 facta
1503 1339 1565 1368 est,
1594 1342 1650 1363 no-

130 1399 150 1415 „
170 1380 216 1408 bis
241 1380 348 1409 incerta
369 1387 396 1408 et
420 1381 544 1409 obscura
563 1387 624 1416 est,
647 1381 815 1416 primusque
835 1379 980 1415 appetitus
1007 1382 1055 1410 ille
1072 1381 1159 1410 animi
1182 1388 1292 1411 tantum
1315 1383 1390 1419 agit,
1414 1390 1445 1411 ut
1469 1384 1540 1413 salvi
1559 1390 1648 1420 atque

128 1450 149 1466 „
169 1431 271 1468 integri
296 1440 357 1460 esse
373 1433 537 1467 possimus.
585 1434 661 1462 Cum
679 1441 772 1461 aurern
793 1431 934 1467 dispicere
962 1433 1163 1467 coeperimus,
1191 1439 1218 1460 et
1238 1433 1362 1468 sentire,
1392 1434 1461 1469 quid
1486 1435 1596 1469 simus,
1618 1441 1648 1463 et

127 1502 149 1518 „
171 1482 241 1517 quid
267 1482 461 1512 animantibus
492 1484 592 1512 ceteris
615 1483 798 1518 differamus,
825 1490 886 1512 tum
916 1492 946 1512 ca
978 1484 1059 1518 sequi
1087 1484 1261 1520 incipimus,
1291 1485 1324 1512 ad
1351 1494 1422 1520 quae
1451 1486 1509 1514 nati
1533 1494 1645 1515 sumus.

123 1561 125 1563 ,
167 1552 186 1567 ‚‚
205 1532 379 1568 Pertinet,”
410 1535 482 1562 enim
518 1555 536 1569 „
556 1536 591 1563 ad
615 1544 726 1563 omnem
757 1534 842 1562 officii
865 1534 1058 1570 quaestionem
1086 1542 1198 1570 semper
1218 1536 1247 1563 in
1272 1542 1389 1571 promtu
1414 1536 1532 1572 habere,
1555 1546 1647 1573 quan-

128 1603 148 1620 „
166 1590 228 1612 tum
253 1590 352 1613 natura
374 1585 499 1614 hominis
523 1586 705 1621 pecudibus,
726 1585 903 1621 reliquisque
926 1584 1031 1612 belluis
1046 1585 1201 1614 antecedat.
1242 1585 1303 1614 Hae
1326 1587 1399 1615 nihil
1419 1588 1565 1623 sentiunt,
1588 1587 1646 1616 nisi

128 1654 147 1671 „
167 1636 366 1671 voluptatem,
387 1637 422 1665 ad
442 1645 559 1673 eamque
581 1636 713 1665 feruntur
735 1636 812 1664 ornui
839 1635 967 1671 impetu:
989 1634 1115 1664 hominis
1149 1643 1241 1664 autem
1270 1646 1348 1666 mens
1380 1638 1517 1667 discendo
1538 1639 1643 1673 alitur,

128 1705 146 1722 „
165 1692 193 1714 et
217 1686 389 1723 cogitand03
412 1696 522 1724 semper
541 1688 652 1724 aliquid
673 1694 722 1716 aut
739 1687 865 1723 anquirit
885 1694 936 1715 aut
960 1687 1038 1723 agit,
1059 1687 1231 1722 videndique
1251 1695 1278 1716 et
1304 1689 1436 1718 audiendi
1455 1689 1643 1718 delectatione

126 1755 145 1771 „
163 1737 287 1766 ducitur.
297 1737 316 1749 ''
337 1738 395 1774 (de
417 1739 493 1777 Offic.
515 1742 539 1769 Ι.
563 1741 634 1777 3ο.)
675 1739 711 1769 In
735 1738 782 1766 illa
806 1745 872 1766 vero
898 1745 990 1766 tenera
1014 1744 1100 1773 atque
1154 1738 1232 1767 firma
1266 1746 1354 1768 aetate
1378 1742 1534 1769 naturalem
1559 1740 1643 1769 illum

124 1787 210 1816 animi
232 1789 390 1824 appetitum
415 1797 447 1817 ut
469 1795 697 1825 cognvscerent,
726 1788 926 1818 observabant·
941 1797 956 1816 a
981 1788 1074 1824 primo
1099 1796 1165 1817 ortu
1191 1789 1309 1818 formam
1334 1791 1546 1827 membrorum,
1577 1799 1642 1819 cor·

123 1839 205 1874 poris
233 1846 348 1875 motus,
376 1848 463 1876 atque
487 1842 640 1877 actiones,
671 1841 778 1877 quibus
814 1841 904 1876 prima
934 1839 1121 1868 invitamenta
1155 1847 1271 1869 naturae
1301 1843 1522 1877 exprimuntur,
1555 1849 1642 1877 atque

124 1887 257 1925 deinceps
274 1899 323 1925 per
338 1893 534 1927 procedentem
557 1898 673 1921 aetatem
691 1892 833 1921 hominem
850 1892 1044 1926 comitantur,
1066 1891 1276 1928 observantque
1295 1902 1442 1929 quonam,
1465 1893 1552 1923 simul
1572 1902 1639 1922 cum

121 1940 223 1969 vultus
251 1942 401 1978 totiusque
423 1943 553 1980 corporis
584 1943 783 1973 immutatione
802 1963 813 1978 ,
841 1949 958 1979 vergant
985 1949 1073 1978 atque
1106 1950 1312 1974 convertantur
1342 1945 1432 1981 prima
1456 1945 1640 1974 invitamenta

913 1992 940 2020 C
1580 1994 1639 2023 Na-
