1913 2427
228 114 334 175 ’56
595 140 1431 175 J.R.THORBECKE

288 228 444 268 Quodnam
474 234 652 258 momentum
686 227 782 262 aliud,
811 235 898 263 quam
927 227 999 256 illud
1025 228 1154 257 naturale
1175 227 1349 265 prinprlum
1366 250 1377 265 ,
1402 229 1601 259 universorum
1637 231 1760 261 salutem

251 289 319 311 suae
343 279 553 317 anteponendi,
574 286 660 315 atque
681 278 720 307 ita
745 278 910 307 societatem
932 279 1084 308 humanam
1106 279 1188 308 etiarn
1212 279 1329 308 interitu
1349 288 1404 310 suo
1426 280 1613 310 conservandi
1633 288 1660 310 et
1676 288 1759 311 tuen-

252 332 301 369 di;
325 332 469 368 quodnam
482 352 492 367 ,
514 331 652 367 inquam,
673 330 769 365 aliud,
792 338 876 365 quam
901 329 972 359 illud
989 330 1106 367 ipsum,
1127 330 1244 367 impuiit
1263 337 1348 367 atque
1361 331 1494 360 incitavit
1507 331 1652 368 Codrum,
1673 333 1764 363 Cocli.

253 389 329 418 tem,
350 383 536 419 Scaevolam,
566 381 693 410 Decios?
715 389 810 410 nonne
833 381 906 410 hanc
931 388 1048 411 naturae
1068 382 1269 419 praestantiam
1293 382 1421 412 videmus
1447 382 1478 411 in
1494 382 1641 419 Leonida,
1663 384 1761 422 Regu-

251 434 298 470 lo,
318 434 431 469 Bruto,
452 433 516 462 aliis
541 433 691 470 permultis
705 431 826 461 humani
844 432 953 469 generis
970 434 1165 470 ornamentis3
1182 442 1328 470 quorum,
1343 433 1411 469 quia
1425 433 1624 463 universorum
1640 435 1760 464 salutem

250 493 319 514 suae
339 485 549 521 antetulerunt,
569 486 605 514 ad
628 485 740 513 coelum
759 483 794 512 ab
812 483 948 514 omnibus
973 484 1104 513 evehitur
1122 486 1237 520 virtus,
1258 492 1285 514 et
1310 485 1477 522 magnitudo
1501 485 1604 522 animi,
1625 488 1762 522 quorum-

252 544 310 572 que
328 535 446 565 nomina
467 543 496 566 et
513 537 610 565 laudes
631 535 784 565 immortali
808 536 943 564 memoria
965 536 994 565 in
1013 536 1143 565 omnium
1162 545 1209 565 ore
1233 536 1405 568 versantur?

290 587 337 617 Ex
362 587 414 616 illo
439 587 535 624 itaque
557 586 704 624 Principio
726 587 823 616 omnia
845 587 1011 616 derivantur
1026 587 1136 623 officia,
1160 596 1230 624 quae
1251 588 1286 617 ad
1306 587 1439 617 tuendam
1464 587 1536 616 inter
1558 588 1689 617 homines
1711 596 1761 617 so·

250 638 402 674 cietatem,
422 639 507 676 cujus
532 639 659 675 quisque
680 648 744 676 pars
767 645 829 674 est,
858 639 971 674 valent,
1001 645 1205 676 spectantque3
1235 646 1322 677 atque
1348 639 1493 676 obligatur
1520 639 1608 668 homo
1638 638 1761 670 naturali

249 695 402 726 praecepto
425 689 461 718 ad
484 690 579 719 omnia
601 698 633 719 ea
658 690 834 719 observanda
855 696 884 717 et
910 690 1098 726 praestanda,
1121 691 1182 719 sine
1208 691 1315 727 quibus
1338 690 1410 718 illud
1434 689 1580 719 societatis
1610 689 1761 718 vinculum

254 743 455 771 universorum
470 741 577 776 saluti,
598 747 737 777 quantum
758 740 817 769 fieri
839 747 955 777 potest,
976 742 1112 777 prodesse
1134 748 1269 777 nequeat.
1309 742 1348 770 Et
1366 742 1444 778 jam,
1467 742 1496 770 ni
1513 740 1618 775 fallor,
1640 749 1674 769 ex
1693 740 1762 777 ipso

253 793 388 822 Cicerone
412 792 506 829 patuit
526 791 682 820 differentia
707 792 781 820 inter
802 791 979 828 Principium
999 792 1157 821 officiorum
1176 801 1240 829 erga
1264 792 1354 827 alios,
1380 797 1408 820 et
1430 791 1589 820 officiorum
1612 791 1763 820 socialium

254 844 481 873 fundamentum.
521 843 568 872 Ex
591 843 686 879 priore
710 843 783 872 enim
816 843 949 872 universe
979 850 1110 873 emanant
1138 843 1230 873 officia
1253 852 1317 880 erga
1345 842 1416 871 alios
1441 842 1590 878 homines,
1607 848 1762 879 'tamquam

251 896 378 933 ejusdem
403 901 518 924 naturae
541 894 715 931 participes,
744 902 902 930 eorumque
924 894 1090 930 felicitatis,
1120 895 1216 930 quoad
1238 895 1298 923 fieri
1321 899 1439 930 potest,
1469 894 1696 930 promovendae3
1723 901 1762 922 ex

251 946 413 984 posteriore
435 953 522 981 vero,
543 946 760 982 conjunctionis
781 946 958 983 appetitione
977 945 1115 982 fundato,
1138 946 1187 975 illa
1209 946 1389 975 deducuntur
1410 944 1521 980 officia,
1544 944 1650 980 quibus
1673 944 1767 980 socie-

251 1004 297 1026 tas
320 996 492 1034 hominum,
518 996 605 1025 variis
636 997 771 1033 gradibus
799 1003 827 1025 et
859 997 1011 1034 generibus
1033 996 1190 1033 distincta,
1220 996 1306 1025 certis
1328 996 1440 1033 legibus
1463 1002 1491 1024 et
1514 995 1577 1032 jure
1600 994 1714 1024 definita
1737 1001 1767 1024 et

253 1054 456 1085 attemperata,
482 1048 622 1077 custodiri
646 1054 673 1076 et
694 1048 799 1076 servari
823 1047 927 1084 possit.
976 1047 1066 1076 Aliud
1092 1054 1168 1076 certe
1192 1055 1252 1083 est,
1281 1047 1398 1077 caritate
1425 1047 1546 1076 aliorum
1572 1046 1658 1081 duci,
1685 1046 1765 1076 aliud

256 1099 427 1135 societatis,
448 1099 535 1128 certis
556 1098 664 1136 regulis
689 1105 851 1128 contractae
875 1105 903 1127 et
923 1099 1113 1135 constitutae,
1140 1099 1279 1128 desiderio
1300 1098 1433 1127 incitari:
1461 1103 1489 1126 et
1515 1097 1646 1133 quamvis
1672 1105 1764 1127 unum

254 1150 432 1187 Principium
456 1150 547 1179 multa
569 1150 604 1179 ab
628 1150 717 1179 altero
735 1156 900 1185 mutuetur,
926 1158 1053 1186 cumque
1070 1159 1104 1179 eo
1126 1149 1285 1180 arctissime
1308 1149 1346 1178 sit
1366 1149 1575 1187 conjunctum,
1605 1154 1699 1177 tamen
1714 1148 1762 1177 >di-

255 1210 338 1231 versa
359 1202 469 1239 origine
492 1201 666 1230 innituntur.
707 1201 925 1230 confirmantur
946 1209 1021 1230 certe
1048 1200 1138 1230 officia
1158 1201 1276 1230 socialia
1296 1200 1509 1230 benevolentiae
1537 1199 1651 1228 studio:
1665 1196 1767 1229 'multa

256 1258 350 1281 tamen
370 1260 405 1281 ex
421 1253 476 1282 illo
499 1252 662 1282 necessario
686 1252 869 1290 derivantur,
899 1253 1007 1290 quibus
1023 1252 1154 1289 frustra,
1185 1253 1229 1281 vel
1249 1251 1431 1287 difficillime,
1459 1251 1514 1280 hoc
1537 1257 1679 1287 tamquam
1701 1250 1767 1281 fon·

255 1310 312 1336 tem
336 1303 508 1333 substituas.

285 1353 391 1383 *Possit
407 1355 505 1383 adesse
525 1354 555 1383 in
572 1362 671 1384 natura
692 1355 815 1384 humana
838 1355 1052 1385 benevolentiae
1074 1364 1139 1392 erga
1161 1356 1234 1385 alios
1256 1355 1455 1392 Principium,
1486 1354 1547 1383 sine
1569 1354 1621 1383 illo
1645 1353 1766 1383 societa-

256 1404 294 1434 tis
320 1405 468 1441 appetitu3
497 1406 582 1442 cujus
608 1406 704 1442 itaque
732 1407 843 1435 diversa
871 1407 905 1436 ab
930 1408 1017 1436 altero
1047 1407 1188 1443 principia
1219 1413 1293 1435 recte
1323 1415 1357 1435 ex
1384 1406 1507 1434 humana
1536 1411 1635 1433 natura
1665 1404 1765 1433 Cicero

257 1455 374 1491 elicuit3
397 1455 620 1492 officiorumque
640 1457 770 1493 tertiam,
793 1466 808 1485 a
831 1457 949 1494 reliquis
968 1464 1123 1494 separatam
1143 1465 1172 1487 et
1185 1458 1336 1487 discretam
1348 1478 1358 1493 ,
1381 1457 1519 1494 originem
1540 1455 1724 1493 investigavit
1737 1461 1767 1484 et

255 1507 394 1538 ostendit.

293 1557 502 1594 Investigemus
525 1559 664 1594 denique,
684 1567 780 1588 nonne
799 1565 827 1588 et
845 1559 939 1595 quarti
961 1559 1121 1589 officiorum
1143 1560 1279 1596 Principii
1300 1559 1408 1589 semina
1430 1559 1516 1588 nobis
1539 1565 1640 1588 natura
1662 1557 1770 1587 indide-

256 1609 311 1644 rit,
332 1615 359 1637 et
383 1610 532 1645 quomodo
554 1609 603 1638 illa
628 1610 726 1639 Cicero
748 1611 925 1647 exposuerit.

295 1680 314 1695 „
333 1659 408 1688 Esse
431 1667 618 1696 praestantem
643 1661 765 1696 aliquam
793 1668 989 1697 aeternamque
1010 1668 1154 1696 naturam,
1181 1667 1208 1690 ct
1236 1671 1294 1690 cam
1324 1662 1533 1698 suspiciendam
1567 1661 1768 1690 admirandam·

259 1731 278 1745 „
295 1719 353 1746 que
376 1711 524 1740 hominum
549 1712 664 1748 generi,
689 1712 856 1748 pulcritudo
886 1713 1007 1747 mundi,
1032 1713 1162 1748 ordoque
1182 1720 1273 1741 rerum
1299 1713 1465 1741 coelestium
1490 1714 1570 1749 cogit
1588 1711 1728 1740 confiteri.
1745 1711 1765 1725 ’'

258 1761 316 1797 (dc
336 1761 439 1791 Diw'n.
463 1762 500 1793 ΙΙ.
521 1767 599 1799 72.)
639 1783 663 1797 „
685 1763 788 1801 Quae,
811 1770 920 1800 quanto
943 1763 1068 1792 consilio
1093 1771 1242 1800 gerantur,
1263 1764 1346 1792 nullo
1373 1764 1496 1793 consilio
1523 1763 1637 1798 assequi
1663 1771 1768 1799 possu-

264 1832 282 1848 „
303 1812 408 1840 mus.''
430 1812 488 1848 (tle
508 1814 583 1844 Nat.
609 1814 652 1843 D.
673 1815 712 1844 Π.
734 1816 807 1852 38.)
845 1835 870 1849 „
890 1814 958 1849 An,
982 1822 1047 1842 cum
1079 1814 1288 1843 machinatione
1317 1816 1436 1850 quadam
1460 1814 1566 1843 moveri
1588 1814 1698 1849 aliquid
1722 1813 1790 1842 υἷ’·

265 1884 282 1899 ,,
302 1864 421 1898 demus,
451 1871 482 1892 ut
505 1865 673 1901 sphaeram,
698 1872 738 1897 ,ut
757 1866 861 1900 horas,
890 1871 922 1894 ut
945 1865 999 1893 alia
1023 1866 1182 1902 permulta,
1212 1874 1271 1894 non
1293 1866 1476 1900 dubitamus,
1506 1866 1577 1901 quin
1611 1866 1657 1893 illa
1680 1873 1766 1901 open

259 1935 279 1949 „
299 1914 357 1942 sint
381 1914 519 1943 rationis:
547 1924 612 1944 cum
639 1923 732 1945 autem
753 1916 891 1953 impetum
914 1916 1008 1951 coeli,
1038 1916 1195 1945 admirabili
1218 1925 1282 1945 cum
1309 1916 1468 1951 celeritate,
1498 1916 1605 1945 moveri
1634 1915 1763 1951 vertique

260 1984 281 2000 ‚,
301 1964 466 2000 videamus,
491 1967 725 1996 constantissime
747 1967 945 1998 conficientem
969 1967 1185 1997 vicissitudines
1204 1967 1430 2003 anniversarias,
1460 1975 1525 1996 cum
1548 1975 1656 1997 sum-na
1674 1967 1765 1995 salute

1707 2037 1725 2053 „
1744 2023 1772 2045 et
