1913 2427
332 123 814 162 DISsERT'ATlo
876 120 1415 157 PHILOSOPHICA.
1594 128 1642 168 (¹9

449 482 726 525 CAPUT
801 482 1294 526 SECUNDUM.

270 634 319 656 DE
347 633 582 655 SENTENTIA
608 632 830 654 CICERONIS
864 632 904 652 IN
932 632 1148 653 PRINCIPIO
1178 629 1481 653 PHILOSOPHIAE

609 685 789 707 MORALIS
819 684 1153 706 AMPLECTENDOs

115 792 256 868 Antea
276 827 305 857 in
328 827 542 864 Prolegomenis
556 827 651 856 causis
674 826 845 863 quibusdam
865 827 921 864 jam
937 828 1125 867 enumeratis,
1149 834 1221 863 quae
1241 816 1403 855 Ciceronem
1426 824 1571 861 impellere
1589 824 1637 853 de-

117 881 260 915 buerunt,
282 886 315 908 ut
335 880 504 908 Academiae
527 879 713 916 potissimum
744 888 774 908 se
796 880 954 914 addiceret,
984 887 1061 907 nunc
1088 887 1122 907 ex
1144 866 1269 915 ejusdem
1290 866 1466 916 testimoniis
1488 866 1515 904 et
1537 875 1634 912 philo·

120 931 263 969 sophandi
288 932 422 961 methodo
448 931 566 960 uberius
596 931 801 967 ostendamus,
830 939 893 959 eum
916 939 1011 960 revera
1040 930 1225 960 Academicas
1256 936 1350 966 partes
1365 931 1504 958 'secutum
1525 928 1636 963 fuisse,

117 989 147 1012 et
168 993 227 1020 quo
261 992 349 1012 sensu
376 991 565 1019 exponamus„
975 1013 978 1015 Α

154 1035 276 1071 (Acad.
297 1034 337 1071 Q„
358 1034 383 1063 1.
403 1040 458 1070 4.)
506 1055 526 1070 „
546 1035 680 1063 Socrates
697 1055 708 1070 ‚
740 1035 776 1063 ad
805 1042 987 1062 communem
1019 1033 1095 1062 vitae
1127 1041 1213 1062 usum
1236 1023 1347 1069 primus
1374 1022 1563 1073 Philosophia
1589 1031 1636 1060 de-

115 1106 136 1123 „
157 1087 262 1121 ducta,
292 1086 443 1115 Platonem
472 1085 651 1122 efformavit,
677 1087 762 1124 qu'us
790 1086 977 1121 auctoritate,
1009 1086 1059 1121 qui
1080 1085 1176 1114 varius
1198 1091 1226 1114 et
1248 1084 1401 1120 multiplex
1434 1090 1461 1112 et
1489 1083 1631 1119 copiosus

116 1157 137 1174 ‚,
156 1137 233 1174 fuit,
263 1147 329 1179 una‘
347 1137 585 1177 etuconsentieus
613 1137 744 1174 duobus,
763 1136 912 1173 vocabulis
939 1137 1149 1180 Philosophiae-
1176 1137 1270 1176 forma
1298 1136 1432 1165 instituta
1461 1141 1521 1169 est,
1558 1134 1634 1163 Aca·

115 1208 136 1226 „
155 1189 330 1219 demicorum
357 1197 383 1218 et
401 1188 672 1225 Peripateticorum,
692 1189 770 1224 qui,
794 1189 879 1217 rebus
905 1195 1115 1225 congruentes,
1144 1189 1313 1218 nominibus
1336 1187 1513 1216 differebant,
1554 1186 1630 1214 Nam

91 1238 134 1277 ⁴„
152 1251 220 1270 cum
246 1243 430 1280 Speusippum
467 1240 575 1269 sororis
607 1240 698 1268 filium
719 1239 806 1271 Plato
834 1240 1039 1277 Philosophiae
1079 1241 1161 1278 quasi
1192 1241 1320 1269 heredem
1345 1238 1532 1274 reliquisset,
1559 1238 1634 1266 duos

117 1313 138 1330 2,
157 1300 251 1322 autem
277 1292 541 1330 praestantissimos
565 1291 662 1322 studio
686 1297 771 1327 atque
792 1291 941 1327 doctriua,
968 1293 1161 1320 Xenocratem
1188 1291 1436 1326 chalcedonium,
1463 1296 1490 1318 et
1520 1290 1635 1319 Ariste-

116 1364 137 1381 „
156 1346 240 1375 telem
269 1346 455 1381 Stagiritem:
486 1344 536 1380 qui
560 1350 639 1372 erant
663 1352 729 1372 cum
759 1343 943 1379 Aristotele,
975 1343 1156 1379 Peripatetici
1178 1343 1247 1372 dicti
1275 1350 1364 1378 sunt,
1398 1342 1466 1378 quia
1498 1341 1630 1377 disputa-

116 1415 137 1432 „
156 1396 225 1424 bant
260 1397 466 1425 inambulantes
507 1395 536 1424 in
575 1394 693 1432 Lyceo3
728 1395 771 1423 illi
803 1401 896 1423 autem
916 1415 927 1430 ,
963 1395 1012 1430 qui
1044 1394 1177 1422 Platonis
1211 1393 1346 1421 instituto
1378 1392 1409 1421 in
1443 1390 1629 1425 Academia,

117 1466 138 1482 „
158 1448 237 1482 quod
257 1455 300 1476 est
320 1449 438 1476 alterum
462 1446 676 1483 Gymnasium,
695 1454 806 1477 ¹coetus
831 1453 910 1474 erant
938 1452 965 1473 et
987 1453 1132 1474 sermones
1152 1444 1253 1472 habere
1277 1443 1374 1478 soliti,
1396 1450 1410 1470 e
1430 1442 1488 1470 loci
1510 1442 1635 1470 vocabu-

117 1517 137 1534 „
156 1498 186 1526 lo
202 1506 306 1526 nomeu
322 1498 493 1526 habuerunt.
533 1498 589 1526 Sed
602 1498 737 1534 utrique,
763 1498 895 1527 Platonis
914 1497 1041 1524 ubertate
1062 1496 1216 1531 complcti,
1236 1502 1341 1523 certam
1374 1495 1525 1530 quamdam
1548 1493 1635 1522 disci-

115 1569 135 1586 „
154 1549 249 1586 plinae
270 1549 421 1578 formulam
446 1557 693 1585 composuerunt,
715 1557 741 1578 et
761 1559 820 1578 eam
848 1549 960 1585 quidem
983 1549 1095 1583 plenam
1121 1556 1152 1575 ac
1181 1546 1329 1575 refertam:
1359 1545 1436 1574 illam
1468 1552 1562 1573 autem
1586 1545 1636 1573 So-

118 1620 138 1636 „
157 1602 302 1629 craticam
325 1601 531 1631 dubitationem
549 1602 584 1630 de
606 1601 743 1630 omnibus
759 1601 864 1636 rebus,
891 1607 919 1629 et
935 1601 1013 1629 nulla
1038 1600 1220 1629 affirmatione
1243 1599 1370 1628 adhibita
1393 1598 1632 1628 consuetudinem

118 1671 137 1687 ‚‚
159 1651 332 1687 disserendi,
358 1653 545 1688 reliquerunt.
586 1653 628 1681 lta
648 1652 723 1681 facta
749 1660 810 1687 est,
838 1654 917 1688 quod
943 1649 1059 1681 mi'nime
1081 1653 1215 1680 Socrates
1238 1651 1398 1687 probabat,
1426 1659 1471 1679 ars
1495 1650 1632 1685 quaedam

117 1722 136 1738 „
154 1703 377 1739 Philosophiae,
399 1710 427 1732 et
450 1713 542 1732 rerum
566 1704 636 1733 ordo
658 1710 685 1733 et
708 1704 864 1740 descriptio
880 1704 1068 1741 disciplinae,
1091 1712 1162 1739 quae
1183 1703 1296 1739 quiiem
1322 1710 1379 1732 erat
1401 1703 1495 1739 primo
1518 1702 1634 1730 duobus

116 1773 136 1788 „
155 1753 322 1782 nominibus
342 1762 415 1790 una;
437 1755 509 1783 nihil
531 1754 605 1784 enim
629 1755 702 1784 inter
715 1755 944 1792 Peripateticos,
967 1763 995 1784 et
1017 1756 1093 1784 illam
1108 1762 1228 1785 veterem
1248 1754 1452 1789 Academiam,
1476 1753 1635 1782 differebat.

118 1824 136 1840 „
156 1804 343 1834 Abundantia
375 1808 494 1842 quadam
519 1806 625 1843 ingenii
656 1807 817 1843 praestabat
857 1807 1047 1843 Aristotelem
1077 1808 1126 1835 sed
1154 1807 1226 1835 idem
1256 1806 1324 1835 fons
1353 1812 1410 1834 erat
1435 1806 1584 1842 utrisque,
1609 1811 1637 1834 et

120 1874 139 1890 „
158 1856 250 1884 eadem
275 1865 366 1886 rerum
394 1859 613 1895 expetendarum
636 1857 892 1895 fugiendarumque
915 1858 1043 1894 partitio.
1053 1857 1072 1869 ”
1092 1857 1198 1895 (conf.
1218 1857 1253 1887 de
1273 1858 1361 1886 Orat.
1386 1858 1440 1887 111.
1465 1860 1511 1886 18.
1540 1856 1637 1887 Acasl.

116 1905 150 1942 l,
175 1909 249 1943 10.)
275 1928 292 1942 „
313 1910 483 1948 Speusippus
503 1917 596 1939 autem
624 1917 650 1938 et
670 1910 867 1945 Xenocrates,
898 1910 948 1945 qui
970 1909 1053 1946 primi
1070 1910 1202 1939 Platonis
1224 1910 1360 1939 rationem
1381 1910 1638 1944 auctoritatemque

122 1975 141 1993 n
161 1966 365 1996 susceperant,
387 1967 497 1998 etpost
518 1962 573 1993 hos
590 1962 723 2000 Polemo,
745 1971 772 1992 ct
790 1962 909 1998 Cfates,
933 1971 1045 1998 unaque
1063 1962 1211 1999 Crantor,
1230 1962 1259 1991 in
1279 1962 1432 1994 Academia
1450 1960 1613 1999 congregati
1625 1980 1636 1995 ‚

917 2014 942 2043 C
966 2023 982 2042 a
1562 2030 1579 2046 ,‚
1600 2008 1643 2037 di-
