1913 2427
434 116 914 148 DISSERTATIO
979 118 1383 151 LITERARIA.
1649 117 1668 150 5

566 217 628 254 (2)
654 236 672 251 ‚‚
693 216 755 245 Een
778 216 955 252 heimelycke
976 219 1037 248 trek

373 289 393 304 „
411 267 521 297 Verleit
540 269 589 297 het
609 269 672 297 hart
691 277 756 297 naer
775 277 844 304 myn
863 269 1061 305 geboortstadt
1080 271 1237 307 Keedenss’

152 355 180 378 et
199 347 263 376 aliis
290 345 388 374 multis
414 344 488 374 locis
512 351 633 373 testatur
656 345 732 383 (3).
772 345 891 382 Semper
921 346 993 375 enim
1019 348 1125 383 patriae
1149 347 1274 377 civitatis
1300 348 1414 384 landes,
1442 347 1505 376 data
1525 353 1666 383 opportu-

150 404 226 433 tate,
247 403 345 425 noster
367 395 401 424 ad
425 397 535 424 coelum
561 395 677 424 extulit.
1190 396 1191 399 ’

149 485 152 492 ,
183 449 292 477 Patrem
321 447 422 475 habuit
448 447 671 484 cognominem,
696 453 811 475 matrem
839 448 947 476 Suram
975 450 1115 486 Kranen,
1145 443 1230 480 Ferri
1261 452 1347 480 filiam
1366 473 1376 487 ‚
1405 452 1456 488 qui
1481 452 1665 489 Antvcrpias

146 508 248 536 natus,
271 509 337 528 suae
364 499 464 528 aetatis
488 507 585 534 more,
612 499 784 528 Rhetorices
808 499 944 535 nomine,
974 501 1075 536 posss'm
1100 504 1257 532 exercebat.
1300 504 1370 532 lude
1397 505 1543 540 (testatur
1568 510 1662 530 rerum

145 552 267 590 hujusce
299 551 437 587 temporis
470 551 694 579 callentissimus
719 550 791 578 idem
815 558 842 578 et
871 551 1107 581 accuratissimus
1134 560 1234 582 auctor
1267 555 1358 584 Gerh.
1386 555 1574 591 Bramltius)
1596 554 1662 590 (4)

144 605 279 642 Hooftius
309 603 447 633 Vomlelio
476 603 605 631 dictitare
627 602 749 631 solebat:
782 622 800 638 ‚,
821 601 865 630 Te
889 594 1000 638 poetam
1022 611 1085 632 csse
1107 613 1167 633 non
1191 606 1294 642 miror,
1315 615 1380 635 cum
1403 603 1499 635 dotem
1518 606 1602 634 istam
1625 606 1661 635 ab

143 678 163 693 „
182 665 237 685 avo
260 662 312 684 tuo
332 655 454 683 Krancn
473 653 623 689 acceperis.
634 653 654 665 ”
1095 662 1097 664 ·

180 708 314 737 Ceterum
336 705 422 742 Justi
442 705 578 734 Vondelii
604 711 684 741 pater
704 706 847 742 pileorum
873 707 981 736 fabrica
1002 707 1114 737 victum
1135 709 1304 744 quaerebat,
1335 717 1396 745 quo
1415 709 1516 737 deinde
1539 708 1659 745 opificio

139 759 260 794 relicto,
280 757 590 795 Colonia-Agrippina
612 756 775 794 profugus,
797 759 832 787 ad
855 757 933 786 aliud
953 758 1028 786 vitae
1059 766 1150 794 genus
1173 767 1236 787 sese
1261 759 1397 788 contulit.
1440 759 1516 787 Cum
1539 760 1612 788 enim
1632 765 1660 788 et

139 812 203 848 ipse
225 817 253 840 et
282 810 390 846 conJ'ux
409 810 443 838 ad
467 809 792 847 Tenere-baptistarum
817 809 898 845 pacis
923 809 1144 838 amantissimam
1171 810 1307 846 Sectam,
1333 810 1507 847 pertineret,
1536 812 1661 846 parvulo

139 862 299 892 adhucdum
326 860 403 896 filio,
429 860 459 888 in
481 859 611 897 Belgium
633 860 751 897 migrare
774 859 913 889 decrevit.
953 859 997 888 Ibi
1013 881 1023 895 ‚
1052 861 1087 889 ad
1108 861 1192 890 finem
1215 868 1348 899 vergente
1372 862 1450 891 bello
1480 861 1660 900 Hispania-0,

136 919 232 942 renata
255 912 403 947 libertate,
428 911 701 949 Tenere-baptistis,
731 911 890 946 ceterisque
917 910 1100 945 Refhrmatt's
1125 913 1324 949 Christianis,
1354 922 1434 942 suam
1462 914 1572 942 Sectam
1596 914 1662 942 sine

136 971 216 994 metu
235 970 262 992 et
279 972 314 992 ex
331 963 426 991 animo
447 962 577 999 profiteri
596 962 712 991 liceba't.
753 962 815 990 Hae
840 962 930 999 igitur
947 962 1075 991 libertate
1092 963 1151 992 frui
1178 964 1319 1001 cupiens,
1340 974 1407 994 cum
1427 966 1551 1002 conjuge
1574 972 1602 994 et
1623 966 1675 994 li-t

133 1015 230 1052 beris,
258 1005 383 1052 primum
405 1012 658 1050 francofitrtum‚
686 1013 750 1041 inde
778 1013 914 1041 Bremam
937 1013 1047 1050 petiit,
1073 1016 1148 1044 unde
1173 1018 1204 1044 in
1227 1016 1418 1045 Hollandiam
1452 1024 1495 1045 est
1517 1018 1655 1046 advectue

135 1068 238 1105 (tauta
258 1066 311 1094 iter
330 1065 438 1094 faciens
456 1064 620 1102 frugalitate
642 1069 669 1092 et
685 1064 847 1107 modestia,
866 1071 898 1093 ut
920 1066 1036 1103 auriga,
1062 1076 1122 1103 quo
1139 1067 1230 1097 fuerat
1248 1077 1339 1104 usim,
1361 1068 1476 1105 saepius
1493 1069 1656 1099 dictitarit:

135 1138 157 1156 „
176 1118 232 1148 sibi
257 1118 413 1156 Josephum
434 1123 462 1145 et
481 1117 618 1145 Mariam
641 1116 751 1145 itineris
773 1117 894 1145 comites
915 1125 976 1146 esse
996 1118 1152 1158 videri.'’)
1191 1119 1224 1148 In
1244 1119 1408 1148 Hollandia
1427 1120 1553 1156 pri-mum
1579 1120 1603 1149 T
1602 1130 1655 1149 ra-

124 1172 203 1208 jecti
223 1169 265 1198 ad
285 1169 417 1197 Rhenum
432 1167 592 1196 habitavit:
615 1168 715 1196 deinde
738 1177 826 1204 vero,
849 1168 944 1198 animo
961 1177 1093 1207 mutato,
1117 1171 1348 1200 Amstelaedmni
1372 1173 1388 1208 (
1395 1180 1466 1208 quae
1491 1173 1579 1207 urbs,
1602 1172 1657 1201 illo

131 1231 280 1260 tempore,
300 1221 482 1258 navigatione
503 1226 531 1248 et
547 1227 724 1257 mercatura,
751 1220 790 1249 ita
812 1221 948 1258 vigebat,
971 1228 1003 1249 ut
1025 1230 1097 1257 quae
1118 1222 1260 1260 maxime)
1281 1223 1428 1260 migrando
1450 1223 1534 1252 finem
1559 1223 1657 1261 impo-

132 1274 209 1309 suit,
229 1274 341 1302 victum
364 1281 424 1301 non
448 1279 577 1307 tantum,
599 1272 650 1300 sed
670 1278 697 1300 et
716 1279 818 1309 postea
839 1274 952 1301 lucrum
973 1281 1088 1302 nactus.

171 1326 292 1355 Summo
314 1324 403 1361 igitur
422 1325 484 1361 jure
514 1324 658 1352 Nostrum
688 1323 862 1359 inquilinum
888 1324 945 1352 sibi
969 1324 1059 1353 civem
1083 1323 1374 1353 Amstelaedamenses
1398 1325 1563 1362 vindicant,
1584 1335 1650 1357 eum

131 1377 267 1414 puerilem
288 1382 429 1411 aetatem,
456 1381 634 1411 ceteramque
658 1375 693 1404 ad
714 1376 931 1412 nonagesimum
961 1382 990 1405 et
1013 1377 1171 1406 secundum
1200 1385 1306 1406 annum
1326 1376 1383 1406 fere
1405 1384 1514 1415 totam,
1545 1379 1653 1408 horum

129 1428 161 1458 in
182 1428 253 1457 urbe
274 1427 409 1465 exegerit,

829 1520 865 1555 ς.
906 1527 936 1550 z.

547 1606 594 1635 Dc
620 1617 717 1636 amore
737 1608 851 1637 Poiseos
876 1614 902 1637 et
921 1610 1094 1648 primordiis
1116 1608 1232 1638 Nostri.

161 1698 224 1736 Jam
243 1704 351 1728 mature
371 1698 402 1727 in
423 1706 460 1728 eo
481 1706 579 1728 verum
603 1699 664 1728 steri
688 1700 783 1737 coepit
808 1700 917 1729 dictum
934 1700 1008 1730 illud
1020 1699 1295 1731 celebratissimum:
1322 1719 1339 1736 „
1356 1707 1414 1729 non
1428 1698 1644 1731 fierised'nasoi

1538 1772 1556 1790 η
1575 1762 1645 1790 90⁶²·

155 1834 206 1861 (ε)
219 1833 272 1856 Vid.
289 1834 370 1855 poema
385 1834 408 1854 de
423 1834 516 1861 Olysmk·
545 1834 587 1856 ld.
604 1835 722 1856 Wecsn‘am
735 1836 862 1863 dmm-laos,
876 1843 900 1865 p·
917 1842 973 1864 227,-

153 1874 206 1902 (3)
222 1876 320 1897 Ademnr
335 1875 357 1896 in
372 1874 450 1902 primis
467 1875 581 1897 dedicatio
594 1877 662 1902 Trag.
677 1878 698 1898 S.
716 1878 811 1901 Ursulaa.

150 1915 207 1946 ,(4)
223 1917 251 1938 ln
263 1916 308 1938 uita
322 1917 401 1944 nu„
415 1923 438 1944 p.
453 1922 477 1945 7·
494 1917 569 1944 ejusd.
583 1918 620 1941 ed.
637 1918 688 1940 unni
700 1923 805 1942 uncmv.

946 1960 983 1996 A
1003 1967 1025 1996 ³.
