<?xml version="1.0" encoding="UTF-8"?>
<!DOCTYPE html PUBLIC "-//W3C//DTD XHTML 1.0 Transitional//EN"
    "http://www.w3.org/TR/xhtml1/DTD/xhtml1-transitional.dtd">
<html xmlns="http://www.w3.org/1999/xhtml" xml:lang="en" lang="en">
 <head>
  <title>
</title>
<meta http-equiv="Content-Type" content="text/html;charset=utf-8" />
  <meta name='ocr-system' content='tesseract 3.04.00' />
  <meta name='ocr-capabilities' content='ocr_page ocr_carea ocr_par ocr_line ocrx_word'/>
</head>
<body>
  <div class='ocr_page' id='page_1' title='image "annalesacademiae17rijk_0571.png"; bbox 0 0 1913 2427; ppageno 0'>
   <div class='ocr_carea' id='block_1_1' title="bbox 508 159 1676 209">
    <p class='ocr_par' dir='ltr' id='par_1_1' title="bbox 508 159 1676 209">
     <span class='ocr_line' id='line_1_1' title="bbox 508 159 1676 209; baseline 0.011 -18"><span class='ocrx_word' id='word_1_1' title='bbox 508 159 992 192; x_wconf 82' lang='lat' dir='ltr'>DISSERTATIO</span> <span class='ocrx_word' id='word_1_2' title='bbox 1058 161 1333 196; x_wconf 78' lang='lat' dir='ltr'><strong>MEDICA.</strong></span> <span class='ocrx_word' id='word_1_3' title='bbox 1623 170 1676 209; x_wconf 66' lang='grc' dir='ltr'>’ᾇῐ</span> 
     </span>
    </p>
   </div>
   <div class='ocr_carea' id='block_1_2' title="bbox 145 246 1679 1776">
    <p class='ocr_par' dir='ltr' id='par_1_2' title="bbox 148 246 1669 589">
     <span class='ocr_line' id='line_1_2' title="bbox 155 246 1668 291; baseline 0.002 -10"><span class='ocrx_word' id='word_1_4' title='bbox 155 251 190 281; x_wconf 76' lang='lat' dir='ltr'>di</span> <span class='ocrx_word' id='word_1_5' title='bbox 210 248 405 280; x_wconf 78' lang='lat' dir='ltr'>medicaminis</span> <span class='ocrx_word' id='word_1_6' title='bbox 429 248 514 277; x_wconf 88' lang='lat' dir='ltr'>dosin</span> <span class='ocrx_word' id='word_1_7' title='bbox 543 247 742 277; x_wconf 84' lang='lat' dir='ltr'>determinant.</span> <span class='ocrx_word' id='word_1_8' title='bbox 792 267 810 282; x_wconf 85' lang='lat'><strong>„</strong></span> <span class='ocrx_word' id='word_1_9' title='bbox 831 246 865 275; x_wconf 85' lang='lat' dir='ltr'>ln</span> <span class='ocrx_word' id='word_1_10' title='bbox 894 247 1027 276; x_wconf 78' lang='lat' dir='ltr'>maximis</span> <span class='ocrx_word' id='word_1_11' title='bbox 1058 250 1132 278; x_wconf 89' lang='lat' dir='ltr'>enim</span> <span class='ocrx_word' id='word_1_12' title='bbox 1162 250 1275 280; x_wconf 83' lang='lat' dir='ltr'>malis”</span> <span class='ocrx_word' id='word_1_13' title='bbox 1298 252 1337 281; x_wconf 83' lang='lat' dir='ltr'>ita</span> <span class='ocrx_word' id='word_1_14' title='bbox 1359 251 1453 287; x_wconf 88' lang='lat' dir='ltr'>inquit</span> <span class='ocrx_word' id='word_1_15' title='bbox 1474 251 1668 291; x_wconf 73' lang='lat' dir='ltr'>Boerhavius,</span> 
     </span>
     <span class='ocr_line' id='line_1_3' title="bbox 155 299 1669 344; baseline 0.003 -13"><span class='ocrx_word' id='word_1_16' title='bbox 155 321 179 339; x_wconf 88' lang='lat'>„</span> <span class='ocrx_word' id='word_1_17' title='bbox 195 302 257 331; x_wconf 88' lang='lat' dir='ltr'>cito</span> <span class='ocrx_word' id='word_1_18' title='bbox 280 307 308 330; x_wconf 93' lang='lat' dir='ltr'>et</span> <span class='ocrx_word' id='word_1_19' title='bbox 327 300 413 330; x_wconf 85' lang='lat' dir='ltr'>semel</span> <span class='ocrx_word' id='word_1_20' title='bbox 434 300 566 328; x_wconf 87' lang='lat' dir='ltr'>tentanda</span> <span class='ocrx_word' id='word_1_21' title='bbox 598 305 667 328; x_wconf 87' lang='lat' dir='ltr'>sunt</span> <span class='ocrx_word' id='word_1_22' title='bbox 691 306 803 327; x_wconf 88' lang='lat' dir='ltr'>summa</span> <span class='ocrx_word' id='word_1_23' title='bbox 830 299 976 335; x_wconf 82' lang='lat' dir='ltr'>remedia;</span> <span class='ocrx_word' id='word_1_24' title='bbox 1004 300 1034 328; x_wconf 89' lang='lat' dir='ltr'>in</span> <span class='ocrx_word' id='word_1_25' title='bbox 1058 300 1166 330; x_wconf 86' lang='lat' dir='ltr'>mitiori</span> <span class='ocrx_word' id='word_1_26' title='bbox 1187 303 1283 338; x_wconf 67' lang='lat' dir='ltr'>malo,</span> <span class='ocrx_word' id='word_1_27' title='bbox 1313 304 1418 332; x_wconf 84' lang='lat' dir='ltr'>sensim</span> <span class='ocrx_word' id='word_1_28' title='bbox 1450 311 1477 332; x_wconf 88' lang='lat' dir='ltr'>et</span> <span class='ocrx_word' id='word_1_29' title='bbox 1498 308 1669 344; x_wconf 78' lang='lat' dir='ltr'>repetendo,</span> 
     </span>
     <span class='ocr_line' id='line_1_4' title="bbox 153 350 1666 393; baseline 0.003 -12"><span class='ocrx_word' id='word_1_30' title='bbox 153 372 176 389; x_wconf 84' lang='lat'>„</span> <span class='ocrx_word' id='word_1_31' title='bbox 195 352 315 381; x_wconf 88' lang='lat' dir='ltr'>remedia</span> <span class='ocrx_word' id='word_1_32' title='bbox 335 351 443 380; x_wconf 87' lang='lat' dir='ltr'>leniora</span> <span class='ocrx_word' id='word_1_33' title='bbox 463 350 583 389; x_wconf 82' lang='lat'>(47).’&#39;</span> <span class='ocrx_word' id='word_1_34' title='bbox 622 351 693 380; x_wconf 92' lang='lat' dir='ltr'>Non</span> <span class='ocrx_word' id='word_1_35' title='bbox 714 350 788 379; x_wconf 89' lang='lat' dir='ltr'>enim</span> <span class='ocrx_word' id='word_1_36' title='bbox 818 351 982 380; x_wconf 84' lang='lat' dir='ltr'>cunctando</span> <span class='ocrx_word' id='word_1_37' title='bbox 1008 352 1103 381; x_wconf 91' lang='lat' dir='ltr'>morbi</span> <span class='ocrx_word' id='word_1_38' title='bbox 1128 360 1265 383; x_wconf 84' lang='lat' dir='ltr'>sanantur</span> <span class='ocrx_word' id='word_1_39' title='bbox 1292 355 1472 392; x_wconf 77' lang='lat' dir='ltr'>periculosi3</span> <span class='ocrx_word' id='word_1_40' title='bbox 1502 365 1552 385; x_wconf 88' lang='lat' dir='ltr'>nec</span> <span class='ocrx_word' id='word_1_41' title='bbox 1570 359 1666 393; x_wconf 83' lang='lat' dir='ltr'>parvis</span> 
     </span>
     <span class='ocr_line' id='line_1_5' title="bbox 153 402 1667 444; baseline 0.003 -11"><span class='ocrx_word' id='word_1_42' title='bbox 153 405 294 439; x_wconf 86' lang='lat' dir='ltr'>dosibus‚</span> <span class='ocrx_word' id='word_1_43' title='bbox 316 404 366 432; x_wconf 81' lang='lat' dir='ltr'>vix</span> <span class='ocrx_word' id='word_1_44' title='bbox 387 403 570 439; x_wconf 88' lang='lat' dir='ltr'>efficacibus,</span> <span class='ocrx_word' id='word_1_45' title='bbox 590 403 678 432; x_wconf 84' lang='lat' dir='ltr'>saluti</span> <span class='ocrx_word' id='word_1_46' title='bbox 699 402 873 439; x_wconf 84' lang='lat' dir='ltr'>aegrotantis</span> <span class='ocrx_word' id='word_1_47' title='bbox 897 403 1113 440; x_wconf 85' lang='lat' dir='ltr'>prospicimus,</span> <span class='ocrx_word' id='word_1_48' title='bbox 1137 404 1186 432; x_wconf 89' lang='lat' dir='ltr'>ubi</span> <span class='ocrx_word' id='word_1_49' title='bbox 1203 405 1363 441; x_wconf 85' lang='lat' dir='ltr'>periculum</span> <span class='ocrx_word' id='word_1_50' title='bbox 1381 406 1411 435; x_wconf 92' lang='lat' dir='ltr'>in</span> <span class='ocrx_word' id='word_1_51' title='bbox 1430 416 1509 435; x_wconf 89' lang='lat' dir='ltr'>mora</span> <span class='ocrx_word' id='word_1_52' title='bbox 1530 415 1591 444; x_wconf 77' lang='lat' dir='ltr'>est3</span> <span class='ocrx_word' id='word_1_53' title='bbox 1614 418 1667 439; x_wconf 85' lang='lat' dir='ltr'>nec</span> 
     </span>
     <span class='ocr_line' id='line_1_6' title="bbox 150 453 1667 495; baseline 0.002 -10"><span class='ocrx_word' id='word_1_54' title='bbox 150 456 189 486; x_wconf 83' lang='lat' dir='ltr'>ab</span> <span class='ocrx_word' id='word_1_55' title='bbox 213 457 298 485; x_wconf 87' lang='lat' dir='ltr'>altera</span> <span class='ocrx_word' id='word_1_56' title='bbox 320 461 400 492; x_wconf 85' lang='lat' dir='ltr'>parte</span> <span class='ocrx_word' id='word_1_57' title='bbox 421 455 510 492; x_wconf 82' lang='lat' dir='ltr'>magis</span> <span class='ocrx_word' id='word_1_58' title='bbox 534 461 630 484; x_wconf 91' lang='lat' dir='ltr'>tutum</span> <span class='ocrx_word' id='word_1_59' title='bbox 651 455 681 484; x_wconf 91' lang='lat' dir='ltr'>in</span> <span class='ocrx_word' id='word_1_60' title='bbox 703 453 833 488; x_wconf 81' lang='lat' dir='ltr'>morbis,</span> <span class='ocrx_word' id='word_1_61' title='bbox 855 453 904 489; x_wconf 87' lang='lat' dir='ltr'>qui</span> <span class='ocrx_word' id='word_1_62' title='bbox 925 453 970 482; x_wconf 85' lang='lat' dir='ltr'>vei</span> <span class='ocrx_word' id='word_1_63' title='bbox 995 453 1070 490; x_wconf 91' lang='lat' dir='ltr'>ipsis</span> <span class='ocrx_word' id='word_1_64' title='bbox 1092 454 1219 484; x_wconf 86' lang='lat' dir='ltr'>Naturae</span> <span class='ocrx_word' id='word_1_65' title='bbox 1240 457 1353 486; x_wconf 82' lang='lat' dir='ltr'>viribus</span> <span class='ocrx_word' id='word_1_66' title='bbox 1372 457 1509 487; x_wconf 84' lang='lat' dir='ltr'>facillime</span> <span class='ocrx_word' id='word_1_67' title='bbox 1531 467 1667 495; x_wconf 78' lang='lat' dir='ltr'>superan-</span> 
     </span>
     <span class='ocr_line' id='line_1_7' title="bbox 151 505 1667 545; baseline 0.001 -8"><span class='ocrx_word' id='word_1_68' title='bbox 151 514 218 544; x_wconf 88' lang='lat' dir='ltr'>tur,</span> <span class='ocrx_word' id='word_1_69' title='bbox 239 507 362 536; x_wconf 80' lang='lat' dir='ltr'><strong>heroicis</strong></span> <span class='ocrx_word' id='word_1_70' title='bbox 381 507 617 536; x_wconf 81' lang='lat' dir='ltr'>medicaminibus</span> <span class='ocrx_word' id='word_1_71' title='bbox 637 511 815 545; x_wconf 83' lang='lat' dir='ltr'>aegrotantes</span> <span class='ocrx_word' id='word_1_72' title='bbox 837 505 983 542; x_wconf 80' lang='lat' dir='ltr'>cruciare3</span> <span class='ocrx_word' id='word_1_73' title='bbox 1005 514 1055 535; x_wconf 83' lang='lat' dir='ltr'>nec</span> <span class='ocrx_word' id='word_1_74' title='bbox 1074 505 1188 537; x_wconf 87' lang='lat' dir='ltr'>uberior</span> <span class='ocrx_word' id='word_1_75' title='bbox 1211 507 1346 544; x_wconf 86' lang='lat' dir='ltr'>profecto</span> <span class='ocrx_word' id='word_1_76' title='bbox 1370 509 1540 538; x_wconf 84' lang='lat' dir='ltr'>morborum</span> <span class='ocrx_word' id='word_1_77' title='bbox 1564 519 1667 540; x_wconf 79' lang='lat' dir='ltr'>secun-</span> 
     </span>
     <span class='ocr_line' id='line_1_8' title="bbox 148 558 454 589; baseline -0.003 0"><span class='ocrx_word' id='word_1_78' title='bbox 148 558 294 589; x_wconf 77' lang='lat' dir='ltr'>dariorum</span> <span class='ocrx_word' id='word_1_79' title='bbox 314 558 381 588; x_wconf 76' lang='lat' dir='ltr'>fons</span> <span class='ocrx_word' id='word_1_80' title='bbox 402 565 454 588; x_wconf 86' lang='lat' dir='ltr'>est.</span> 
     </span>
    </p>

    <p class='ocr_par' dir='ltr' id='par_1_3' title="bbox 151 609 1668 853">
     <span class='ocr_line' id='line_1_9' title="bbox 189 609 1668 650; baseline 0 -8"><span class='ocrx_word' id='word_1_81' title='bbox 189 612 342 642; x_wconf 87' lang='lat' dir='ltr'>Rationem</span> <span class='ocrx_word' id='word_1_82' title='bbox 358 622 467 650; x_wconf 89' lang='lat' dir='ltr'>porro,</span> <span class='ocrx_word' id='word_1_83' title='bbox 489 620 541 641; x_wconf 87' lang='lat' dir='ltr'>seu</span> <span class='ocrx_word' id='word_1_84' title='bbox 554 612 693 647; x_wconf 83' lang='lat' dir='ltr'>formam,</span> <span class='ocrx_word' id='word_1_85' title='bbox 716 619 773 647; x_wconf 86' lang='lat' dir='ltr'>qua</span> <span class='ocrx_word' id='word_1_86' title='bbox 789 609 992 639; x_wconf 83' lang='lat' dir='ltr'>medicamenta</span> <span class='ocrx_word' id='word_1_87' title='bbox 1007 609 1184 645; x_wconf 81' lang='lat' dir='ltr'>propinanda</span> <span class='ocrx_word' id='word_1_88' title='bbox 1209 617 1297 646; x_wconf 86' lang='lat' dir='ltr'>sunt,</span> <span class='ocrx_word' id='word_1_89' title='bbox 1327 611 1411 640; x_wconf 84' lang='lat' dir='ltr'>docet</span> <span class='ocrx_word' id='word_1_90' title='bbox 1429 612 1571 641; x_wconf 83' lang='lat' dir='ltr'>Indicatio</span> <span class='ocrx_word' id='word_1_91' title='bbox 1593 613 1668 643; x_wconf 87' lang='lat' dir='ltr'>indi-</span> 
     </span>
     <span class='ocr_line' id='line_1_10' title="bbox 153 661 1668 699; baseline 0 -5"><span class='ocrx_word' id='word_1_92' title='bbox 153 664 288 694; x_wconf 78' lang='lat' dir='ltr'>vidualis.</span> <span class='ocrx_word' id='word_1_93' title='bbox 330 664 456 694; x_wconf 86' lang='lat' dir='ltr'>Constat</span> <span class='ocrx_word' id='word_1_94' title='bbox 480 663 574 699; x_wconf 91' lang='lat' dir='ltr'>enim,</span> <span class='ocrx_word' id='word_1_95' title='bbox 595 663 728 692; x_wconf 79' lang='lat' dir='ltr'>Medicos</span> <span class='ocrx_word' id='word_1_96' title='bbox 752 668 842 691; x_wconf 87' lang='lat' dir='ltr'>certas</span> <span class='ocrx_word' id='word_1_97' title='bbox 868 661 1004 698; x_wconf 82' lang='lat' dir='ltr'>quasdam</span> <span class='ocrx_word' id='word_1_98' title='bbox 1025 661 1062 690; x_wconf 89' lang='lat' dir='ltr'>ob</span> <span class='ocrx_word' id='word_1_99' title='bbox 1087 670 1223 698; x_wconf 81' lang='lat' dir='ltr'>caussas,</span> <span class='ocrx_word' id='word_1_100' title='bbox 1247 662 1294 690; x_wconf 88' lang='lat' dir='ltr'>vel</span> <span class='ocrx_word' id='word_1_101' title='bbox 1319 662 1457 698; x_wconf 84' lang='lat' dir='ltr'>gravioris</span> <span class='ocrx_word' id='word_1_102' title='bbox 1481 665 1526 691; x_wconf 79' lang='lat' dir='ltr'>vel</span> <span class='ocrx_word' id='word_1_103' title='bbox 1551 665 1668 694; x_wconf 74' lang='lat' dir='ltr'>levioris</span> 
     </span>
     <span class='ocr_line' id='line_1_11' title="bbox 152 712 1668 752; baseline -0.001 -6"><span class='ocrx_word' id='word_1_104' title='bbox 152 717 306 752; x_wconf 82' lang='lat' dir='ltr'>momenti,</span> <span class='ocrx_word' id='word_1_105' title='bbox 327 716 443 745; x_wconf 78' lang='lat' dir='ltr'>definita</span> <span class='ocrx_word' id='word_1_106' title='bbox 463 716 582 751; x_wconf 89' lang='lat' dir='ltr'>quadam</span> <span class='ocrx_word' id='word_1_107' title='bbox 606 714 718 750; x_wconf 86' lang='lat' dir='ltr'>forma,</span> <span class='ocrx_word' id='word_1_108' title='bbox 739 714 769 743; x_wconf 90' lang='lat' dir='ltr'>in</span> <span class='ocrx_word' id='word_1_109' title='bbox 784 713 905 742; x_wconf 82' lang='lat' dir='ltr'>diversis</span> <span class='ocrx_word' id='word_1_110' title='bbox 927 713 1043 741; x_wconf 86' lang='lat' dir='ltr'>casibus</span> <span class='ocrx_word' id='word_1_111' title='bbox 1065 712 1194 749; x_wconf 79' lang='lat' dir='ltr'>diversa,</span> <span class='ocrx_word' id='word_1_112' title='bbox 1215 713 1288 742; x_wconf 87' lang='lat' dir='ltr'>idem</span> <span class='ocrx_word' id='word_1_113' title='bbox 1307 713 1458 749; x_wconf 85' lang='lat' dir='ltr'>propinare</span> <span class='ocrx_word' id='word_1_114' title='bbox 1477 715 1668 752; x_wconf 79' lang='lat' dir='ltr'>medicamen,</span> 
     </span>
     <span class='ocr_line' id='line_1_12' title="bbox 151 763 1668 803; baseline -0.001 -7"><span class='ocrx_word' id='word_1_115' title='bbox 151 768 191 797; x_wconf 78' lang='lat' dir='ltr'>ita</span> <span class='ocrx_word' id='word_1_116' title='bbox 213 774 246 796; x_wconf 91' lang='lat' dir='ltr'>ut</span> <span class='ocrx_word' id='word_1_117' title='bbox 269 767 344 796; x_wconf 85' lang='lat' dir='ltr'>illud</span> <span class='ocrx_word' id='word_1_118' title='bbox 362 768 415 796; x_wconf 86' lang='lat' dir='ltr'>hae</span> <span class='ocrx_word' id='word_1_119' title='bbox 436 767 499 795; x_wconf 91' lang='lat' dir='ltr'>vice</span> <span class='ocrx_word' id='word_1_120' title='bbox 516 765 712 803; x_wconf 83' lang='lat' dir='ltr'>praescribant</span> <span class='ocrx_word' id='word_1_121' title='bbox 735 765 765 794; x_wconf 89' lang='lat' dir='ltr'>in</span> <span class='ocrx_word' id='word_1_122' title='bbox 789 765 925 802; x_wconf 78' lang='lat' dir='ltr'>puivere,</span> <span class='ocrx_word' id='word_1_123' title='bbox 946 764 1001 793; x_wconf 82' lang='lat' dir='ltr'>alia</span> <span class='ocrx_word' id='word_1_124' title='bbox 1022 765 1086 794; x_wconf 87' lang='lat' dir='ltr'>vice</span> <span class='ocrx_word' id='word_1_125' title='bbox 1111 764 1205 794; x_wconf 85' lang='lat' dir='ltr'>forma</span> <span class='ocrx_word' id='word_1_126' title='bbox 1223 763 1357 802; x_wconf 67' lang='lat' dir='ltr'>piudan,</span> <span class='ocrx_word' id='word_1_127' title='bbox 1385 765 1440 794; x_wconf 85' lang='lat' dir='ltr'>alia</span> <span class='ocrx_word' id='word_1_128' title='bbox 1464 765 1496 794; x_wconf 91' lang='lat' dir='ltr'>in</span> <span class='ocrx_word' id='word_1_129' title='bbox 1528 766 1668 803; x_wconf 86' lang='lat' dir='ltr'>decocto,</span> 
     </span>
     <span class='ocr_line' id='line_1_13' title="bbox 152 817 804 853; baseline -0.003 -6"><span class='ocrx_word' id='word_1_130' title='bbox 152 818 198 847; x_wconf 91' lang='lat' dir='ltr'>vel</span> <span class='ocrx_word' id='word_1_131' title='bbox 218 818 248 847; x_wconf 91' lang='lat' dir='ltr'>in</span> <span class='ocrx_word' id='word_1_132' title='bbox 271 817 392 853; x_wconf 89' lang='lat' dir='ltr'>infuso,</span> <span class='ocrx_word' id='word_1_133' title='bbox 413 824 463 846; x_wconf 90' lang='lat' dir='ltr'>aut</span> <span class='ocrx_word' id='word_1_134' title='bbox 485 817 515 846; x_wconf 86' lang='lat' dir='ltr'>in</span> <span class='ocrx_word' id='word_1_135' title='bbox 535 817 708 852; x_wconf 87' lang='lat' dir='ltr'>electuario,</span> <span class='ocrx_word' id='word_1_136' title='bbox 729 822 804 845; x_wconf 88' lang='lat' dir='ltr'>caet.</span> 
     </span>
    </p>

    <p class='ocr_par' dir='ltr' id='par_1_4' title="bbox 151 867 1673 1007">
     <span class='ocr_line' id='line_1_14' title="bbox 192 867 1672 904; baseline 0.001 -6"><span class='ocrx_word' id='word_1_137' title='bbox 192 869 303 898; x_wconf 86' lang='lat' dir='ltr'>Harum</span> <span class='ocrx_word' id='word_1_138' title='bbox 324 875 418 898; x_wconf 90' lang='lat' dir='ltr'>autem</span> <span class='ocrx_word' id='word_1_139' title='bbox 441 876 607 898; x_wconf 86' lang='lat' dir='ltr'>caussarum</span> <span class='ocrx_word' id='word_1_140' title='bbox 630 868 737 904; x_wconf 85' lang='lat' dir='ltr'>duplex</span> <span class='ocrx_word' id='word_1_141' title='bbox 754 867 856 896; x_wconf 86' lang='lat' dir='ltr'>classis</span> <span class='ocrx_word' id='word_1_142' title='bbox 877 874 940 904; x_wconf 88' lang='lat' dir='ltr'>est;</span> <span class='ocrx_word' id='word_1_143' title='bbox 962 867 1069 902; x_wconf 85' lang='lat' dir='ltr'>altera,</span> <span class='ocrx_word' id='word_1_144' title='bbox 1090 873 1202 904; x_wconf 83' lang='lat' dir='ltr'>spectat</span> <span class='ocrx_word' id='word_1_145' title='bbox 1219 867 1342 896; x_wconf 84' lang='lat' dir='ltr'>indolem</span> <span class='ocrx_word' id='word_1_146' title='bbox 1366 867 1459 904; x_wconf 86' lang='lat' dir='ltr'>ipsius</span> <span class='ocrx_word' id='word_1_147' title='bbox 1484 869 1672 899; x_wconf 83' lang='lat' dir='ltr'>medicamen·</span> 
     </span>
     <span class='ocr_line' id='line_1_15' title="bbox 151 918 1673 956; baseline 0.002 -8"><span class='ocrx_word' id='word_1_148' title='bbox 151 919 196 955; x_wconf 79' lang='lat' dir='ltr'>ti,</span> <span class='ocrx_word' id='word_1_149' title='bbox 217 920 303 948; x_wconf 87' lang='lat' dir='ltr'>altera</span> <span class='ocrx_word' id='word_1_150' title='bbox 324 918 528 956; x_wconf 87' lang='lat' dir='ltr'>complectitur</span> <span class='ocrx_word' id='word_1_151' title='bbox 549 927 689 954; x_wconf 85' lang='lat' dir='ltr'>caussas,</span> <span class='ocrx_word' id='word_1_152' title='bbox 712 927 784 956; x_wconf 90' lang='lat' dir='ltr'>quae</span> <span class='ocrx_word' id='word_1_153' title='bbox 805 919 948 955; x_wconf 85' lang='lat' dir='ltr'>pertinent</span> <span class='ocrx_word' id='word_1_154' title='bbox 964 919 1000 948; x_wconf 87' lang='lat' dir='ltr'>ad</span> <span class='ocrx_word' id='word_1_155' title='bbox 1019 919 1216 948; x_wconf 89' lang='lat' dir='ltr'>conditionem</span> <span class='ocrx_word' id='word_1_156' title='bbox 1238 919 1334 956; x_wconf 87' lang='lat' dir='ltr'>ipsius</span> <span class='ocrx_word' id='word_1_157' title='bbox 1349 920 1522 956; x_wconf 86' lang='lat' dir='ltr'>aegrotantis</span> <span class='ocrx_word' id='word_1_158' title='bbox 1543 927 1572 950; x_wconf 90' lang='lat' dir='ltr'>et</span> <span class='ocrx_word' id='word_1_159' title='bbox 1596 929 1673 951; x_wconf 86' lang='lat' dir='ltr'>mor-</span> 
     </span>
     <span class='ocr_line' id='line_1_16' title="bbox 153 969 1084 1007; baseline 0 -8"><span class='ocrx_word' id='word_1_160' title='bbox 153 969 204 1005; x_wconf 88' lang='lat' dir='ltr'>bi,</span> <span class='ocrx_word' id='word_1_161' title='bbox 226 979 286 1006; x_wconf 92' lang='lat' dir='ltr'>quo</span> <span class='ocrx_word' id='word_1_162' title='bbox 307 970 436 1007; x_wconf 80' lang='lat' dir='ltr'>laborat3</span> <span class='ocrx_word' id='word_1_163' title='bbox 458 971 493 999; x_wconf 88' lang='lat' dir='ltr'>de</span> <span class='ocrx_word' id='word_1_164' title='bbox 514 970 669 1007; x_wconf 87' lang='lat' dir='ltr'>posteriori</span> <span class='ocrx_word' id='word_1_165' title='bbox 690 970 737 999; x_wconf 89' lang='lat' dir='ltr'>hie</span> <span class='ocrx_word' id='word_1_166' title='bbox 763 978 807 999; x_wconf 87' lang='lat' dir='ltr'>est</span> <span class='ocrx_word' id='word_1_167' title='bbox 829 972 969 1007; x_wconf 81' lang='lat' dir='ltr'>agendum</span> <span class='ocrx_word' id='word_1_168' title='bbox 990 970 1084 1007; x_wconf 68' lang='lat'>(48).</span> 
     </span>
    </p>

    <p class='ocr_par' dir='ltr' id='par_1_5' title="bbox 150 1019 1679 1521">
     <span class='ocr_line' id='line_1_17' title="bbox 190 1019 1673 1058; baseline 0.003 -10"><span class='ocrx_word' id='word_1_169' title='bbox 190 1019 328 1049; x_wconf 83' lang='lat' dir='ltr'>Refertur</span> <span class='ocrx_word' id='word_1_170' title='bbox 355 1020 429 1056; x_wconf 84' lang='lat' dir='ltr'>huc,</span> <span class='ocrx_word' id='word_1_171' title='bbox 459 1021 571 1057; x_wconf 81' lang='lat' dir='ltr'>primo,</span> <span class='ocrx_word' id='word_1_172' title='bbox 601 1020 796 1057; x_wconf 84' lang='lat' dir='ltr'>injucunditas</span> <span class='ocrx_word' id='word_1_173' title='bbox 825 1019 1044 1058; x_wconf 87' lang='lat' dir='ltr'>medicamenti,</span> <span class='ocrx_word' id='word_1_174' title='bbox 1074 1030 1144 1057; x_wconf 78' lang='lat' dir='ltr'>quae</span> <span class='ocrx_word' id='word_1_175' title='bbox 1173 1021 1265 1051; x_wconf 90' lang='lat' dir='ltr'>forma</span> <span class='ocrx_word' id='word_1_176' title='bbox 1295 1022 1414 1057; x_wconf 86' lang='lat' dir='ltr'>quadam</span> <span class='ocrx_word' id='word_1_177' title='bbox 1443 1020 1596 1058; x_wconf 82' lang='lat' dir='ltr'>aufertur,</span> <span class='ocrx_word' id='word_1_178' title='bbox 1625 1024 1673 1052; x_wconf 72' lang='lat' dir='ltr'>ve!</span> 
     </span>
     <span class='ocr_line' id='line_1_18' title="bbox 153 1071 1673 1111; baseline 0.003 -12"><span class='ocrx_word' id='word_1_179' title='bbox 153 1071 257 1100; x_wconf 84' lang='lat' dir='ltr'>saltem</span> <span class='ocrx_word' id='word_1_180' title='bbox 289 1071 488 1108; x_wconf 78' lang='lat' dir='ltr'>imminuitur3</span> <span class='ocrx_word' id='word_1_181' title='bbox 518 1072 606 1108; x_wconf 86' lang='lat' dir='ltr'>haec,</span> <span class='ocrx_word' id='word_1_182' title='bbox 632 1071 699 1100; x_wconf 86' lang='lat' dir='ltr'>licet</span> <span class='ocrx_word' id='word_1_183' title='bbox 726 1071 843 1101; x_wconf 64' lang='lat' dir='ltr'>levior1s</span> <span class='ocrx_word' id='word_1_184' title='bbox 864 1073 994 1102; x_wconf 85' lang='lat' dir='ltr'>videatur</span> <span class='ocrx_word' id='word_1_185' title='bbox 1016 1074 1169 1110; x_wconf 89' lang='lat' dir='ltr'>momenti,</span> <span class='ocrx_word' id='word_1_186' title='bbox 1199 1081 1292 1103; x_wconf 88' lang='lat' dir='ltr'>tamen</span> <span class='ocrx_word' id='word_1_187' title='bbox 1319 1073 1389 1103; x_wconf 84' lang='lat' dir='ltr'>satis</span> <span class='ocrx_word' id='word_1_188' title='bbox 1410 1081 1589 1104; x_wconf 83' lang='lat' dir='ltr'>momentosa</span> <span class='ocrx_word' id='word_1_189' title='bbox 1611 1081 1673 1111; x_wconf 83' lang='lat' dir='ltr'>est,</span> 
     </span>
     <span class='ocr_line' id='line_1_19' title="bbox 153 1122 1674 1164; baseline 0.003 -12"><span class='ocrx_word' id='word_1_190' title='bbox 153 1122 207 1151; x_wconf 86' lang='lat' dir='ltr'>ubi</span> <span class='ocrx_word' id='word_1_191' title='bbox 236 1123 475 1160; x_wconf 84' lang='lat' dir='ltr'>delicatioribus,</span> <span class='ocrx_word' id='word_1_192' title='bbox 504 1124 668 1161; x_wconf 87' lang='lat' dir='ltr'>praesertim</span> <span class='ocrx_word' id='word_1_193' title='bbox 697 1125 875 1154; x_wconf 83' lang='lat' dir='ltr'>mulierculis</span> <span class='ocrx_word' id='word_1_194' title='bbox 904 1133 932 1154; x_wconf 90' lang='lat' dir='ltr'>et</span> <span class='ocrx_word' id='word_1_195' title='bbox 952 1126 1048 1162; x_wconf 70' lang='lat' dir='ltr'>pueris</span> <span class='ocrx_word' id='word_1_196' title='bbox 1065 1146 1076 1162; x_wconf 94' lang='lat'>,</span> <span class='ocrx_word' id='word_1_197' title='bbox 1105 1125 1342 1162; x_wconf 87' lang='lat' dir='ltr'>praescribuntur</span> <span class='ocrx_word' id='word_1_198' title='bbox 1369 1125 1499 1162; x_wconf 80' lang='lat' dir='ltr'>ingrata3</span> <span class='ocrx_word' id='word_1_199' title='bbox 1529 1126 1568 1155; x_wconf 89' lang='lat' dir='ltr'>ita</span> <span class='ocrx_word' id='word_1_200' title='bbox 1588 1135 1618 1155; x_wconf 94' lang='lat' dir='ltr'>v.</span> <span class='ocrx_word' id='word_1_201' title='bbox 1642 1135 1674 1164; x_wconf 80' lang='lat' dir='ltr'>g.</span> 
     </span>
     <span class='ocr_line' id='line_1_20' title="bbox 152 1175 1674 1213; baseline 0.002 -10"><span class='ocrx_word' id='word_1_202' title='bbox 152 1181 300 1211; x_wconf 87' lang='lat' dir='ltr'>gummata</span> <span class='ocrx_word' id='word_1_203' title='bbox 323 1175 482 1212; x_wconf 85' lang='lat' dir='ltr'>ferulacea,</span> <span class='ocrx_word' id='word_1_204' title='bbox 510 1176 739 1211; x_wconf 80' lang='lat' dir='ltr'>ammoniacum,</span> <span class='ocrx_word' id='word_1_205' title='bbox 769 1177 920 1213; x_wconf 84' lang='lat' dir='ltr'>galbanum</span> <span class='ocrx_word' id='word_1_206' title='bbox 937 1198 948 1212; x_wconf 87' lang='lat'><strong>‚</strong></span> <span class='ocrx_word' id='word_1_207' title='bbox 976 1186 1024 1206; x_wconf 86' lang='lat' dir='ltr'>asa</span> <span class='ocrx_word' id='word_1_208' title='bbox 1049 1176 1176 1213; x_wconf 86' lang='lat' dir='ltr'>foetida,</span> <span class='ocrx_word' id='word_1_209' title='bbox 1211 1177 1302 1206; x_wconf 89' lang='lat' dir='ltr'>forma</span> <span class='ocrx_word' id='word_1_210' title='bbox 1327 1177 1455 1213; x_wconf 85' lang='lat' dir='ltr'>pulveris</span> <span class='ocrx_word' id='word_1_211' title='bbox 1478 1176 1674 1213; x_wconf 83' lang='lat' dir='ltr'>praescripta,</span> 
     </span>
     <span class='ocr_line' id='line_1_21' title="bbox 151 1225 1679 1272; baseline 0.001 -18"><span class='ocrx_word' id='word_1_212' title='bbox 151 1226 193 1255; x_wconf 83' lang='lat' dir='ltr'>ob</span> <span class='ocrx_word' id='word_1_213' title='bbox 214 1225 440 1263; x_wconf 81' lang='lat' dir='ltr'>ingratissimum</span> <span class='ocrx_word' id='word_1_214' title='bbox 476 1237 629 1264; x_wconf 84' lang='lat' dir='ltr'>saporem,</span> <span class='ocrx_word' id='word_1_215' title='bbox 654 1229 704 1257; x_wconf 87' lang='lat' dir='ltr'>vix</span> <span class='ocrx_word' id='word_1_216' title='bbox 725 1228 858 1266; x_wconf 83' lang='lat' dir='ltr'>deglutiri</span> <span class='ocrx_word' id='word_1_217' title='bbox 881 1235 1027 1266; x_wconf 78' lang='lat' dir='ltr'>possunt3</span> <span class='ocrx_word' id='word_1_218' title='bbox 1057 1228 1125 1257; x_wconf 88' lang='lat' dir='ltr'>hinc</span> <span class='ocrx_word' id='word_1_219' title='bbox 1153 1227 1245 1257; x_wconf 80' lang='lat' dir='ltr'>forma</span> <span class='ocrx_word' id='word_1_220' title='bbox 1275 1228 1434 1257; x_wconf 81' lang='lat' dir='ltr'>solutionis</span> <span class='ocrx_word' id='word_1_221' title='bbox 1467 1228 1679 1272; x_wconf 69' lang='lat' dir='ltr'>propinantur,</span> 
     </span>
     <span class='ocr_line' id='line_1_22' title="bbox 151 1277 1677 1317; baseline 0.003 -13"><span class='ocrx_word' id='word_1_222' title='bbox 151 1277 198 1305; x_wconf 80' lang='lat' dir='ltr'>vel</span> <span class='ocrx_word' id='word_1_223' title='bbox 217 1277 247 1305; x_wconf 77' lang='lat' dir='ltr'>ln</span> <span class='ocrx_word' id='word_1_224' title='bbox 271 1277 384 1314; x_wconf 78' lang='lat' dir='ltr'>pilulis.</span> <span class='ocrx_word' id='word_1_225' title='bbox 425 1280 472 1309; x_wconf 91' lang='lat' dir='ltr'>Ad</span> <span class='ocrx_word' id='word_1_226' title='bbox 495 1279 730 1317; x_wconf 82' lang='lat' dir='ltr'>idiosyncrasiam</span> <span class='ocrx_word' id='word_1_227' title='bbox 749 1287 777 1308; x_wconf 91' lang='lat' dir='ltr'>et</span> <span class='ocrx_word' id='word_1_228' title='bbox 799 1280 1037 1309; x_wconf 83' lang='lat' dir='ltr'>consuetudinem</span> <span class='ocrx_word' id='word_1_229' title='bbox 1061 1278 1234 1316; x_wconf 82' lang='lat' dir='ltr'>aegrotantis</span> <span class='ocrx_word' id='word_1_230' title='bbox 1265 1279 1312 1307; x_wconf 82' lang='lat' dir='ltr'>liic</span> <span class='ocrx_word' id='word_1_231' title='bbox 1342 1279 1556 1309; x_wconf 86' lang='lat' dir='ltr'>attendendum.</span> <span class='ocrx_word' id='word_1_232' title='bbox 1601 1279 1677 1308; x_wconf 83' lang='lat' dir='ltr'>Hinc</span> 
     </span>
     <span class='ocr_line' id='line_1_23' title="bbox 150 1326 1677 1367; baseline 0.001 -9"><span class='ocrx_word' id='word_1_233' title='bbox 150 1326 200 1358; x_wconf 75' lang='lat'><em>111.</em></span> <span class='ocrx_word' id='word_1_234' title='bbox 221 1328 372 1364; x_wconf 82' lang='lat' dir='ltr'>Gaubius,</span> <span class='ocrx_word' id='word_1_235' title='bbox 395 1330 425 1358; x_wconf 91' lang='lat' dir='ltr'>in</span> <span class='ocrx_word' id='word_1_236' title='bbox 446 1330 538 1359; x_wconf 86' lang='lat' dir='ltr'>Libro</span> <span class='ocrx_word' id='word_1_237' title='bbox 555 1331 591 1359; x_wconf 76' lang='lat' dir='ltr'>de</span> <span class='ocrx_word' id='word_1_238' title='bbox 611 1330 815 1359; x_wconf 78' lang='lat' dir='ltr'>concinnandis</span> <span class='ocrx_word' id='word_1_239' title='bbox 827 1331 990 1367; x_wconf 79' lang='lat' dir='ltr'>formulis,</span> <span class='ocrx_word' id='word_1_240' title='bbox 1012 1338 1137 1366; x_wconf 87' lang='lat' dir='ltr'>sequens</span> <span class='ocrx_word' id='word_1_241' title='bbox 1152 1336 1336 1366; x_wconf 86' lang='lat' dir='ltr'>praeceptum</span> <span class='ocrx_word' id='word_1_242' title='bbox 1358 1329 1449 1358; x_wconf 87' lang='lat' dir='ltr'>dedit:</span> <span class='ocrx_word' id='word_1_243' title='bbox 1476 1348 1494 1365; x_wconf 52' lang='grc' dir='ltr'>ς,</span> <span class='ocrx_word' id='word_1_244' title='bbox 1510 1330 1536 1358; x_wconf 92' lang='lat' dir='ltr'>si</span> <span class='ocrx_word' id='word_1_245' title='bbox 1552 1330 1677 1360; x_wconf 87' lang='lat' dir='ltr'>indicata</span> 
     </span>
     <span class='ocr_line' id='line_1_24' title="bbox 151 1380 1674 1418; baseline 0.001 -10"><span class='ocrx_word' id='word_1_246' title='bbox 151 1399 174 1415; x_wconf 81' lang='lat'>„</span> <span class='ocrx_word' id='word_1_247' title='bbox 192 1380 313 1409; x_wconf 83' lang='lat' dir='ltr'>remedia</span> <span class='ocrx_word' id='word_1_248' title='bbox 340 1381 371 1409; x_wconf 85' lang='lat' dir='ltr'>in</span> <span class='ocrx_word' id='word_1_249' title='bbox 410 1389 585 1417; x_wconf 90' lang='lat' dir='ltr'>quacunque</span> <span class='ocrx_word' id='word_1_250' title='bbox 615 1381 756 1410; x_wconf 85' lang='lat' dir='ltr'>formulae</span> <span class='ocrx_word' id='word_1_251' title='bbox 783 1382 878 1417; x_wconf 65' lang='lat' dir='ltr'>specie</span> <span class='ocrx_word' id='word_1_252' title='bbox 905 1382 1059 1410; x_wconf 88' lang='lat' dir='ltr'>commode</span> <span class='ocrx_word' id='word_1_253' title='bbox 1084 1382 1340 1418; x_wconf 83' lang='lat' dir='ltr'>praescribuntur,</span> <span class='ocrx_word' id='word_1_254' title='bbox 1366 1389 1480 1418; x_wconf 82' lang='lat' dir='ltr'>aegrum</span> <span class='ocrx_word' id='word_1_255' title='bbox 1512 1383 1674 1418; x_wconf 80' lang='lat' dir='ltr'>interroga,</span> 
     </span>
     <span class='ocr_line' id='line_1_25' title="bbox 152 1431 1673 1469; baseline 0.001 -11"><span class='ocrx_word' id='word_1_256' title='bbox 152 1449 173 1465; x_wconf 82' lang='lat'>,‚</span> <span class='ocrx_word' id='word_1_257' title='bbox 194 1438 330 1465; x_wconf 88' lang='lat' dir='ltr'>quaenam</span> <span class='ocrx_word' id='word_1_258' title='bbox 353 1439 420 1467; x_wconf 83' lang='lat' dir='ltr'>prae</span> <span class='ocrx_word' id='word_1_259' title='bbox 443 1432 562 1468; x_wconf 87' lang='lat' dir='ltr'>reliquis</span> <span class='ocrx_word' id='word_1_260' title='bbox 584 1439 658 1461; x_wconf 89' lang='lat' dir='ltr'>amet</span> <span class='ocrx_word' id='word_1_261' title='bbox 681 1433 771 1469; x_wconf 85' lang='lat' dir='ltr'>magis</span> <span class='ocrx_word' id='word_1_262' title='bbox 800 1440 848 1461; x_wconf 90' lang='lat' dir='ltr'>aut</span> <span class='ocrx_word' id='word_1_263' title='bbox 875 1433 1003 1467; x_wconf 86' lang='lat' dir='ltr'>horreat,</span> <span class='ocrx_word' id='word_1_264' title='bbox 1032 1433 1146 1461; x_wconf 89' lang='lat' dir='ltr'>cuinam</span> <span class='ocrx_word' id='word_1_265' title='bbox 1174 1431 1358 1467; x_wconf 85' lang='lat' dir='ltr'>assueverit,</span> <span class='ocrx_word' id='word_1_266' title='bbox 1386 1432 1434 1460; x_wconf 93' lang='lat' dir='ltr'>cui</span> <span class='ocrx_word' id='word_1_267' title='bbox 1459 1433 1569 1461; x_wconf 88' lang='lat' dir='ltr'>minus.</span> <span class='ocrx_word' id='word_1_268' title='bbox 1616 1433 1673 1461; x_wconf 86' lang='lat' dir='ltr'>Ar-</span> 
     </span>
     <span class='ocr_line' id='line_1_26' title="bbox 155 1482 1575 1521; baseline 0.001 -12"><span class='ocrx_word' id='word_1_269' title='bbox 155 1500 176 1516; x_wconf 81' lang='lat'>„</span> <span class='ocrx_word' id='word_1_270' title='bbox 197 1488 252 1509; x_wconf 89' lang='lat' dir='ltr'>tem</span> <span class='ocrx_word' id='word_1_271' title='bbox 277 1482 318 1510; x_wconf 89' lang='lat' dir='ltr'>sic</span> <span class='ocrx_word' id='word_1_272' title='bbox 342 1488 428 1518; x_wconf 88' lang='lat' dir='ltr'>teque</span> <span class='ocrx_word' id='word_1_273' title='bbox 450 1483 549 1519; x_wconf 87' lang='lat' dir='ltr'>ipsum</span> <span class='ocrx_word' id='word_1_274' title='bbox 573 1484 785 1512; x_wconf 88' lang='lat' dir='ltr'>commendabis</span> <span class='ocrx_word' id='word_1_275' title='bbox 804 1490 832 1512; x_wconf 88' lang='lat' dir='ltr'>et</span> <span class='ocrx_word' id='word_1_276' title='bbox 852 1484 995 1512; x_wconf 80' lang='lat' dir='ltr'>laetiorem</span> <span class='ocrx_word' id='word_1_277' title='bbox 1020 1484 1117 1511; x_wconf 85' lang='lat' dir='ltr'>reddes</span> <span class='ocrx_word' id='word_1_278' title='bbox 1142 1483 1313 1519; x_wconf 87' lang='lat' dir='ltr'>praescripti</span> <span class='ocrx_word' id='word_1_279' title='bbox 1335 1491 1422 1512; x_wconf 85' lang='lat' dir='ltr'>usum</span> <span class='ocrx_word' id='word_1_280' title='bbox 1448 1484 1544 1521; x_wconf 85' lang='lat'>(49).</span> <span class='ocrx_word' id='word_1_281' title='bbox 1556 1483 1575 1495; x_wconf 82' lang='lat'>’¹</span> 
     </span>
    </p>

    <p class='ocr_par' dir='ltr' id='par_1_6' title="bbox 145 1531 1668 1728">
     <span class='ocr_line' id='line_1_27' title="bbox 187 1531 1668 1571; baseline 0.001 -11"><span class='ocrx_word' id='word_1_282' title='bbox 187 1531 250 1561; x_wconf 89' lang='lat' dir='ltr'>Nec</span> <span class='ocrx_word' id='word_1_283' title='bbox 276 1539 352 1561; x_wconf 87' lang='lat' dir='ltr'>aetas</span> <span class='ocrx_word' id='word_1_284' title='bbox 376 1541 404 1562; x_wconf 87' lang='lat' dir='ltr'>et</span> <span class='ocrx_word' id='word_1_285' title='bbox 425 1534 575 1570; x_wconf 83' lang='lat' dir='ltr'>temperies</span> <span class='ocrx_word' id='word_1_286' title='bbox 600 1535 647 1563; x_wconf 91' lang='lat' dir='ltr'>hic</span> <span class='ocrx_word' id='word_1_287' title='bbox 671 1543 791 1571; x_wconf 86' lang='lat' dir='ltr'>prorsus</span> <span class='ocrx_word' id='word_1_288' title='bbox 811 1535 997 1571; x_wconf 76' lang='lat' dir='ltr'>negligenda3</span> <span class='ocrx_word' id='word_1_289' title='bbox 1027 1542 1112 1569; x_wconf 81' lang='lat' dir='ltr'>nam,</span> <span class='ocrx_word' id='word_1_290' title='bbox 1134 1542 1168 1562; x_wconf 80' lang='lat' dir='ltr'>ex</span> <span class='ocrx_word' id='word_1_291' title='bbox 1193 1534 1347 1563; x_wconf 76' lang='lat' dir='ltr'>Gaubiano</span> <span class='ocrx_word' id='word_1_292' title='bbox 1370 1535 1502 1570; x_wconf 86' lang='lat' dir='ltr'>monito,</span> <span class='ocrx_word' id='word_1_293' title='bbox 1529 1533 1556 1563; x_wconf 86' lang='lat' dir='ltr'>si</span> <span class='ocrx_word' id='word_1_294' title='bbox 1577 1540 1668 1562; x_wconf 84' lang='lat' dir='ltr'>exter·</span> 
     </span>
     <span class='ocr_line' id='line_1_28' title="bbox 148 1582 1667 1623; baseline 0.002 -12"><span class='ocrx_word' id='word_1_295' title='bbox 148 1582 197 1611; x_wconf 79' lang='lat' dir='ltr'>nis</span> <span class='ocrx_word' id='word_1_296' title='bbox 218 1583 457 1613; x_wconf 86' lang='lat' dir='ltr'>medicaminibus</span> <span class='ocrx_word' id='word_1_297' title='bbox 481 1585 574 1613; x_wconf 87' lang='lat' dir='ltr'>curari</span> <span class='ocrx_word' id='word_1_298' title='bbox 590 1587 685 1622; x_wconf 85' lang='lat' dir='ltr'>possit</span> <span class='ocrx_word' id='word_1_299' title='bbox 706 1594 778 1622; x_wconf 87' lang='lat' dir='ltr'>puer</span> <span class='ocrx_word' id='word_1_300' title='bbox 797 1593 962 1622; x_wconf 84' lang='lat' dir='ltr'>aegrotans,</span> <span class='ocrx_word' id='word_1_301' title='bbox 984 1594 1019 1614; x_wconf 87' lang='lat' dir='ltr'>ne</span> <span class='ocrx_word' id='word_1_302' title='bbox 1039 1585 1156 1614; x_wconf 85' lang='lat' dir='ltr'>internis</span> <span class='ocrx_word' id='word_1_303' title='bbox 1172 1591 1293 1614; x_wconf 85' lang='lat' dir='ltr'>vexetur</span> <span class='ocrx_word' id='word_1_304' title='bbox 1316 1585 1410 1623; x_wconf 85' lang='lat'><strong>(50).</strong></span> <span class='ocrx_word' id='word_1_305' title='bbox 1451 1586 1498 1614; x_wconf 88' lang='lat' dir='ltr'>Sic</span> <span class='ocrx_word' id='word_1_306' title='bbox 1515 1586 1592 1614; x_wconf 87' lang='lat' dir='ltr'>sicca</span> <span class='ocrx_word' id='word_1_307' title='bbox 1607 1593 1667 1614; x_wconf 83' lang='lat' dir='ltr'>me-</span> 
     </span>
     <span class='ocr_line' id='line_1_29' title="bbox 147 1634 1667 1673; baseline 0.002 -11"><span class='ocrx_word' id='word_1_308' title='bbox 147 1634 323 1664; x_wconf 86' lang='lat' dir='ltr'>dicaminum</span> <span class='ocrx_word' id='word_1_309' title='bbox 344 1635 437 1664; x_wconf 84' lang='lat' dir='ltr'>forma</span> <span class='ocrx_word' id='word_1_310' title='bbox 458 1636 584 1665; x_wconf 86' lang='lat' dir='ltr'>humidis</span> <span class='ocrx_word' id='word_1_311' title='bbox 603 1637 758 1673; x_wconf 83' lang='lat' dir='ltr'>convenit,</span> <span class='ocrx_word' id='word_1_312' title='bbox 781 1638 897 1666; x_wconf 76' lang='lat' dir='ltr'>humida</span> <span class='ocrx_word' id='word_1_313' title='bbox 917 1637 1025 1673; x_wconf 86' lang='lat' dir='ltr'>siccis,</span> <span class='ocrx_word' id='word_1_314' title='bbox 1046 1643 1116 1666; x_wconf 83' lang='lat' dir='ltr'>caet.</span> <span class='ocrx_word' id='word_1_315' title='bbox 1159 1637 1234 1665; x_wconf 88' lang='lat' dir='ltr'>Sunt</span> <span class='ocrx_word' id='word_1_316' title='bbox 1255 1637 1320 1665; x_wconf 81' lang='lat' dir='ltr'>dein</span> <span class='ocrx_word' id='word_1_317' title='bbox 1340 1643 1367 1665; x_wconf 90' lang='lat' dir='ltr'>et</span> <span class='ocrx_word' id='word_1_318' title='bbox 1383 1637 1564 1665; x_wconf 75' lang='lat' dir='ltr'>coniitiones</span> <span class='ocrx_word' id='word_1_319' title='bbox 1582 1644 1667 1672; x_wconf 84' lang='lat' dir='ltr'>quae·</span> 
     </span>
     <span class='ocr_line' id='line_1_30' title="bbox 145 1686 1667 1728; baseline 0 -13"><span class='ocrx_word' id='word_1_320' title='bbox 145 1686 209 1714; x_wconf 84' lang='lat' dir='ltr'>dam</span> <span class='ocrx_word' id='word_1_321' title='bbox 224 1693 335 1723; x_wconf 83' lang='lat' dir='ltr'>praeter</span> <span class='ocrx_word' id='word_1_322' title='bbox 352 1693 502 1723; x_wconf 85' lang='lat' dir='ltr'>naturam,</span> <span class='ocrx_word' id='word_1_323' title='bbox 526 1693 554 1716; x_wconf 86' lang='lat' dir='ltr'>et</span> <span class='ocrx_word' id='word_1_324' title='bbox 574 1695 767 1725; x_wconf 83' lang='lat' dir='ltr'>symptomata</span> <span class='ocrx_word' id='word_1_325' title='bbox 785 1689 940 1728; x_wconf 84' lang='lat' dir='ltr'>morbosa,</span> <span class='ocrx_word' id='word_1_326' title='bbox 960 1696 988 1718; x_wconf 89' lang='lat' dir='ltr'>et</span> <span class='ocrx_word' id='word_1_327' title='bbox 1019 1688 1111 1718; x_wconf 86' lang='lat' dir='ltr'>morbi</span> <span class='ocrx_word' id='word_1_328' title='bbox 1133 1687 1274 1725; x_wconf 78' lang='lat' dir='ltr'>primariis</span> <span class='ocrx_word' id='word_1_329' title='bbox 1294 1689 1476 1724; x_wconf 77' lang='lat' dir='ltr'>accedentes,</span> <span class='ocrx_word' id='word_1_330' title='bbox 1505 1696 1578 1724; x_wconf 87' lang='lat' dir='ltr'>quae</span> <span class='ocrx_word' id='word_1_331' title='bbox 1608 1687 1667 1715; x_wconf 72' lang='lat' dir='ltr'>foi-⁴</span> 
     </span>
    </p>

    <p class='ocr_par' dir='ltr' id='par_1_7' title="bbox 1571 1746 1666 1776">
     <span class='ocr_line' id='line_1_31' title="bbox 1571 1746 1666 1776; baseline 0 -9"><span class='ocrx_word' id='word_1_332' title='bbox 1571 1746 1666 1776; x_wconf 84' lang='lat' dir='ltr'>mam,</span> 
     </span>
    </p>
   </div>
   <div class='ocr_carea' id='block_1_3' title="bbox 169 1826 867 1978">
    <p class='ocr_par' dir='ltr' id='par_1_8' title="bbox 172 1826 593 1855">
     <span class='ocr_line' id='line_1_32' title="bbox 172 1826 593 1855; baseline 0.007 -9"><span class='ocrx_word' id='word_1_333' title='bbox 172 1826 235 1853; x_wconf 78' lang='lat'>(⁴7)</span> <span class='ocrx_word' id='word_1_334' title='bbox 252 1826 327 1854; x_wconf 77' lang='lat' dir='ltr'>Aphar.</span> <span class='ocrx_word' id='word_1_335' title='bbox 343 1828 406 1850; x_wconf 65' lang='lat'><strong>10⁸6.</strong></span> <span class='ocrx_word' id='word_1_336' title='bbox 421 1827 462 1849; x_wconf 74' lang='lat' dir='ltr'>Na.</span> <span class='ocrx_word' id='word_1_337' title='bbox 479 1834 504 1849; x_wconf 82' lang='lat'>12</span> <span class='ocrx_word' id='word_1_338' title='bbox 520 1832 544 1850; x_wconf 82' lang='lat' dir='ltr'>et</span> <span class='ocrx_word' id='word_1_339' title='bbox 559 1834 593 1855; x_wconf 77' lang='lat'>&#39;³-</span> 
     </span>
    </p>

    <p class='ocr_par' dir='ltr' id='par_1_9' title="bbox 169 1867 867 1978">
     <span class='ocr_line' id='line_1_33' title="bbox 170 1867 867 1898; baseline 0.009 -11"><span class='ocrx_word' id='word_1_340' title='bbox 170 1867 233 1894; x_wconf 76' lang='grc'>(48)</span> <span class='ocrx_word' id='word_1_341' title='bbox 251 1867 321 1889; x_wconf 78' lang='lat' dir='ltr'>Conf-</span> <span class='ocrx_word' id='word_1_342' title='bbox 337 1869 457 1896; x_wconf 68' lang='lat' dir='ltr'>Bagliviun,</span> <span class='ocrx_word' id='word_1_343' title='bbox 470 1870 487 1892; x_wconf 85' lang='lat'>1.</span> <span class='ocrx_word' id='word_1_344' title='bbox 497 1870 528 1896; x_wconf 90' lang='grc'>1.,</span> <span class='ocrx_word' id='word_1_345' title='bbox 545 1870 615 1892; x_wconf 86' lang='lat' dir='ltr'>Libro</span> <span class='ocrx_word' id='word_1_346' title='bbox 628 1869 655 1892; x_wconf 85' lang='lat'>11.</span> <span class='ocrx_word' id='word_1_347' title='bbox 671 1876 719 1898; x_wconf 79' lang='lat' dir='ltr'>cap.</span> <span class='ocrx_word' id='word_1_348' title='bbox 734 1875 767 1893; x_wconf 82' lang='lat'>1¹.</span> <span class='ocrx_word' id='word_1_349' title='bbox 783 1870 794 1895; x_wconf 79' lang='lat' dir='ltr'>S</span> <span class='ocrx_word' id='word_1_350' title='bbox 808 1870 867 1894; x_wconf 77' lang='lat' dir='ltr'>vin.</span> 
     </span>
     <span class='ocr_line' id='line_1_34' title="bbox 169 1907 826 1940; baseline 0.009 -11"><span class='ocrx_word' id='word_1_351' title='bbox 169 1907 235 1936; x_wconf 74' lang='grc'>(49)</span> <span class='ocrx_word' id='word_1_352' title='bbox 249 1909 318 1932; x_wconf 83' lang='lat' dir='ltr'>Cous.</span> <span class='ocrx_word' id='word_1_353' title='bbox 331 1910 346 1930; x_wconf 92' lang='grc' dir='ltr'>Ι.</span> <span class='ocrx_word' id='word_1_354' title='bbox 363 1911 378 1931; x_wconf 89' lang='lat'>1.</span> <span class='ocrx_word' id='word_1_355' title='bbox 395 1916 443 1936; x_wconf 80' lang='lat' dir='ltr'>pag.</span> <span class='ocrx_word' id='word_1_356' title='bbox 460 1916 494 1936; x_wconf 84' lang='lat'>15.</span> <span class='ocrx_word' id='word_1_357' title='bbox 510 1909 521 1936; x_wconf 89' lang='lat'>§</span> <span class='ocrx_word' id='word_1_358' title='bbox 536 1917 570 1938; x_wconf 76' lang='grc'>47.</span> <span class='ocrx_word' id='word_1_359' title='bbox 588 1916 611 1933; x_wconf 86' lang='lat' dir='ltr'>et</span> <span class='ocrx_word' id='word_1_360' title='bbox 625 1917 676 1939; x_wconf 75' lang='lat' dir='ltr'>pag.</span> <span class='ocrx_word' id='word_1_361' title='bbox 691 1916 726 1940; x_wconf 73' lang='lat'>3⁵.</span> <span class='ocrx_word' id='word_1_362' title='bbox 743 1911 793 1938; x_wconf 76' lang='lat'>§8⁵</span> <span class='ocrx_word' id='word_1_363' title='bbox 807 1921 826 1935; x_wconf 76' lang='grc' dir='ltr'>ι-</span> 
     </span>
     <span class='ocr_line' id='line_1_35' title="bbox 172 1949 559 1978; baseline 0.01 -7"><span class='ocrx_word' id='word_1_364' title='bbox 172 1949 240 1978; x_wconf 66' lang='lat'>(502</span> <span class='ocrx_word' id='word_1_365' title='bbox 256 1950 324 1972; x_wconf 71' lang='lat' dir='ltr'>Cous.</span> <span class='ocrx_word' id='word_1_366' title='bbox 339 1951 404 1977; x_wconf 72' lang='lat' dir='ltr'>iden,</span> <span class='ocrx_word' id='word_1_367' title='bbox 419 1950 430 1978; x_wconf 78' lang='lat' dir='ltr'>s</span> <span class='ocrx_word' id='word_1_368' title='bbox 447 1956 475 1977; x_wconf 67' lang='lat' dir='ltr'>m</span> <span class='ocrx_word' id='word_1_369' title='bbox 487 1956 511 1974; x_wconf 83' lang='lat' dir='ltr'>et</span> <span class='ocrx_word' id='word_1_370' title='bbox 522 1957 559 1978; x_wconf 84' lang='lat'>5¹·</span> 
     </span>
    </p>
   </div>
  </div>
 </body>
</html>
