1913 2427
518 125 575 151 ,1-

235 123 283 203 fii}
456 130 1429 188 ”¹⁷'1⁸‘Rs'i‘11oR'BECK‘E

240 253 358 304 gantur
367 245 519 283 homines,
541 243 640 284 facile„
650 241 830 282 intelligunt,
862 249 1018 276 eorumque
1039 240 1140 270 animiS
1164 242 1242 286 ultio
1272 242 1355 278 quasi
1382 241 1502 271 insitum
1528 247 1555 271 et
1581 217 1757 290 inculcatum

1691 286 1749 297 ,,,,,,

239 349 319 387 ¹quod
341 348 427 377 nobis
447 347 629 385 jucundum,
650 345 723 374 idem
742 353 800 372 nou
818 343 959 380 ingratum
978 339 1079 372 c'eteris
1096 342 1277 373 hominibus.
1322 343 1389 372 Inde
1408 344 1458 380 fit,
1480 351 1512 373 ut
1537 353 1622 374 sensu
1638 345 1759 376 felicita-

239 402 276 430 tis
307 407 334 428 et
359 391 510 428 infortunii
538 396 656 426 aliorum
684 396 848 424 imbuamur
875 402 902 423 et
931 389 1114 431 moveamnr3
1146 395 1265 423 simulac
1295 403 1362 423 veio
1388 395 1520 425 fortunae
1546 403 1574 425 et
1605 395 1758 427 infortunii

236 453 359 482 aliorum
382 450 566 488 perceptione
585 456 613 477 et
633 457 722 478 sensu
745 447 900 482 afficimur,
928 442 1068 487 continuo
1094 438 1290 475 benevolentia
1313 446 1489 483 abripimur3
1516 447 1635 476 alio'rum
1660 452 1688 477 et
1704 451 1759 476 vo·

240 505 378 540 luptatem
406 508 434 531 et
457 502 584 530 dolorem
610 509 669 530 non
691 507 799 529 tantum
823 498 1020 536 percipimus,
1049 498 1097 527 sed
1121 503 1147 525 et
1170 497 1270 526 iisdem
1293 489 1464 528 delectamur
1484 506 1511 528 et
1531 499 1677 535 angimur.
1706 499 1759 528 do-

237 555 330 584 lemus
353 559 419 582 cnm
451 553 637 597 dolentibus,
668 553 804 581 laetamur
834 560 901 580 cum
926 551 1113 580 laetantibus:
1145 556 1230 585 atque
1252 549 1309 584 ita,
1339 572 1362 586 „
1384 551 1457 580 nihil
1477 557 1520 580 est
1543 557 1599 580 tam
1626 550 1756 586 illustre,

239 626 259 642 ,‚
279 614 330 634 nec
357 606 435 641 quod
462 605 548 633 latius
576 611 688 640 pateat,
711 613 794 640 quam
819 603 988 641 conjuncti(
1013 603 1085 631 inter
1106 601 1237 630 homines
1263 601 1433 637 hominum,
1461 608 1489 631 et
1509 601 1595 638 quasi
1618 601 1756 637 quaedam

237 677 258 694 ,‚
280 657 402 685 societas
425 663 452 684 et
470 652 696 694 communicatio
717 654 895 691 utilitatum,
916 661 943 683 et
959 655 1020 691 ipsa
1037 653 1139 683 caritas
1161 652 1253 691 generi
1259 663 1271 682 5
1292 654 1426 683 humani:
1450 662 1523 690 quae
1542 659 1607 682 nata
1627 662 1642 681 a
1663 652 1759 690 primo

239 727 259 743 „
280 714 362 742 satu,
384 715 444 743 quo
469 715 484 735 a
506 699 737 743 procreatoribus
756 706 812 734 nati
835 696 1013 742 diliguntur,
1043 704 1069 732 e't
1092 711 1153 733 tota
1178 705 1281 733 domus
1306 706 1442 742 conjugio
1464 712 1492 734 et
1522 705 1612 741 stirpe
1637 704 1760 741 conjun-

241 779 261 795 ,‚
280 759 378 796 gitur,
401 758 491 795 serpit
505 750 613 786 sensim
630 757 724 793 foras,
748 757 970 793 cognationibus
988 758 1133 794 primum,
1159 764 1219 786 tum
1241 758 1445 794 affinitatibus,
1466 760 1565 788 deinde
1581 750 1759 793 domiciliis,

240 831 259 848 „
279 806 347 848 post
367 811 585 845 vicinitatibus,
608 816 668 837 tum
688 809 802 837 civibus
826 815 851 836 et
868 809 922 844 iis,
946 809 995 844 qui
1012 808 1128 845 publice
1144 809 1215 838 socii
1238 817 1324 845 atque
1339 810 1422 838 amici
1438 818 1527 846 sunt,
1549 811 1649 840 deinde
1665 809 1757 838 totius

232 857 261 900 ’,,
280 863 435 900 complexu
444 862 536 900 gentis
555 863 704 889 humanae.
733 860 813 898 Quae
825 860 910 888 animi
925 859 1067 888 affectatio
1078 869 1162 888 suum
1177 861 1281 896 cuique
1298 861 1447 896 tribuens,
1463 869 1549 896 atque
1564 861 1636 889 hanc
1647 881 1656 895 ,
1673 865 1758 894 quam

254 917 368 953 ,dico,
386 915 553 944 societatem
571 912 787 949 conjunctionis
805 913 942 940 humanae
954 911 1089 940 munifice
1103 918 1131 940 et
1147 920 1235 948 aeque
1250 918 1350 948 tuens,
1364 912 1477 949 justitia
1492 912 1615 947 dicitur,
1631 910 1679 939 cui
1692 916 1764 941 sunt

230 988 257 1007 y„
241 936 427 1013 ’adjunctae
443 965 554 1014 pietas,
576 965 712 999 bonitas,
728 962 904 998 liberalitas,
919 964 1099 1001 benignitas,
1115 965 1251 999 comitas,
1270 972 1400 999 quaeque
1415 969 1484 992 sunt
1495 956 1606 1000 generis
1621 961 1759 998 ejusdem.

241 1039 260 1055 „
282 1019 339 1054 (de
355 1018 411 1046 Fin
444 1008 483 1045 V.
503 1027 527 1045 2.
550 1026 578 1053 3.
570 1018 604 1054 .)
628 1016 703 1051 „lllc
720 1016 933 1044 benevolentiae
949 1023 1066 1051 motus,
1087 1015 1181 1044 animo
1196 1015 1322 1050 inditus,
1344 1014 1487 1043 hominem
1505 1023 1538 1043 ex
1553 1023 1582 1042 se
1598 1014 1663 1049 ipso
1678 1012 1759 1041 velu-

251 1069 301 1106 ‚ti
320 1069 351 1097 in
367 1064 438 1098 alios
450 1067 605 1104 transfert,
628 1074 678 1103 ut,
694 1068 931 1103 quemadmodum
950 1068 978 1095 hi
1003 1066 1097 1097 affecti
1114 1067 1191 1102 sint,
1213 1066 1274 1102 ipse
1287 1065 1373 1102 perin
1370 1066 1403 1094 le
1421 1064 1632 1101 quodammodo
1646 1071 1677 1092 se
1686 1061 1760 1091 affici

239 1141 261 1158 ‚‚
281 1114 425 1149 εεῃῑίειῑ.”’
447 1121 461 1151 (
472 1126 541 1149 sunt
557 1119 642 1149 verba
665 1119 728 1147 Viri
745 1119 794 1148 Cl.
817 1119 909 1155 Cras,
937 1119 1016 1148 Diss.
1032 1117 1114 1149 laud.
1142 1128 1171 1155 p.
1190 1119 1258 1156 75.)
1296 1117 1394 1146 Homo
1416 1116 1529 1145 scilicet
1546 1116 1627 1151 ipse,
1648 1113 1709 1143 sive
1731 1112 1761 1142 in

237 1179 317 1202 statu
328 1172 479 1210 jucundo,
501 1180 552 1200 seu
568 1172 598 1200 in
616 1171 738 1199 molesto
754 1179 889 1206 veisans,
912 1179 926 1198 a
944 1176 1043 1199 natura
1060 1170 1209 1198 incitatum
1226 1178 1255 1198 se
1270 1169 1377 1204 sentit,
1399 1175 1431 1197 ut
1448 1177 1478 1196 se
1493 1174 1647 1202 omnesque
1663 1171 1758 1202 partes

239 1232 310 1254 suas
328 1229 463 1259 tueatur,
483 1223 631 1259 vitamque
655 1223 750 1251 reddat
768 1230 854 1257 quam
876 1221 1087 1257 beatissimam3
1111 1222 1231 1250 alimum
1256 1230 1323 1250 vero
1347 1219 1493 1248 commodi
1519 1220 1563 1248 vel
1586 1215 1763 1247 incommodi

240 1284 329 1305 sensu
353 1274 491 1310 affectus,
513 1275 670 1311 impulsum
696 1282 727 1302 se
747 1282 761 1301 a
787 1282 885 1302 natura
908 1274 1069 1310 experitur,
1099 1280 1131 1301 ut
1154 1273 1250 1301 eodem
1277 1272 1364 1301 modo
1387 1271 1490 1300 sentiat
1512 1277 1539 1300 et
1562 1277 1645 1306 agat,
1675 1276 1707 1297 ac
1731 1267 1758 1296 si

238 1326 288 1362 id,
310 1327 389 1363 quod
410 1335 504 1356 revera
528 1327 563 1355 ad
587 1326 659 1354 alios
680 1324 817 1361 pertinet,
839 1333 923 1353 suum
947 1325 1042 1361 ipsius
1066 1331 1141 1353 esset
1165 1325 1347 1352 commodum
1367 1330 1416 1351 aut
1441 1322 1666 1351 incommodum.
1714 1322 1759 1349 Ita

241 1385 303 1407 tum
328 1379 416 1407 amori
439 1379 507 1414 sui,
536 1387 594 1414 quo
617 1377 710 1406 utitur
731 1378 765 1406 ad
790 1385 874 1406 suum
899 1383 1004 1405 statum
1028 1377 1183 1411 tuendum,
1211 1376 1329 1403 alterum
1353 1374 1435 1411 quasi
1468 1383 1520 1410 pro
1544 1381 1573 1402 se
1598 1373 1663 1409 ipso
1689 1370 1759 1400 sub-

241 1430 357 1460 stituit:
388 1438 461 1466 quae
488 1439 522 1459 ex
552 1430 602 1458 illo
626 1437 720 1458 amore
755 1429 864 1457 ratione
891 1429 937 1457 sui
959 1429 1091 1458 oriuntur
1111 1427 1222 1462 officia,
1248 1435 1278 1455 ea
1303 1435 1379 1455 nunc
1402 1426 1430 1454 in
1457 1426 1575 1454 alterum
1599 1422 1756 1452 convertit:

238 1490 327 1518 atque
345 1482 504 1518 obligatum
523 1490 554 1509 se
571 1481 657 1509 sentit
672 1481 708 1509 ad
727 1480 822 1514 illius,
844 1481 955 1515 eadem,
979 1488 1035 1515 qua
1054 1479 1097 1507 sui
1117 1478 1230 1515 ipsius,
1259 1486 1325 1506 cura
1347 1484 1434 1513 atque
1456 1476 1670 1513 propensione,
1696 1474 1760 1502 feli-

227 1524 354 1563 ‘citatem
386 1534 541 1571 augendam
574 1539 660 1568 atque
689 1533 926 1568 promovendam.
968 1532 1044 1560 Ham
1073 1531 1102 1558 in
1130 1529 1349 1566 explicationem
1385 1527 1599 1557 benevolentiae
1630 1527 1658 1555 in
1686 1526 1759 1555 alios

235 1584 418 1622 praemisisse
444 1583 577 1618 licuerit,
607 1591 678 1618 quac
704 1582 875 1616 attulimus,
897 1589 957 1609 tum
983 1582 1060 1616 quod
1085 1581 1147 1617 ipsa
1172 1590 1214 1609 res
1235 1580 1430 1609 illustratione
1459 1586 1556 1616 egeat,
1585 1584 1646 1606 tum
1675 1577 1756 1614 quod

228 1627 300 1665 eam
325 1645 339 1664 a
362 1633 498 1664 Caci-one
522 1635 701 1663 observatam
727 1633 841 1669 quidem
867 1640 893 1661 et
916 1633 1088 1668 indicatam,
1119 1633 1213 1661 minus
1239 1641 1306 1661 vero
1331 1641 1362 1661 ea
1386 1632 1471 1668 copia
1497 1638 1583 1666 atque
1607 1630 1754 1664 ubertate,

243 1695 300 1722 qua
324 1686 438 1721 quidem
463 1685 590 1720 reliqua,
613 1684 771 1721 expositam
793 1691 1013 1719 exornatamque
1038 1683 1212 1712 videbamus.
1255 1683 1354 1712 thero
1376 1691 1478 1719 nempe
1502 1682 1632 1718 pluribus
1655 1681 1684 1709 in
1714 1681 1756 1709 lo-

243 1738 287 1766 cis
309 1737 526 1766 benevolentiae
545 1744 680 1771 sensum,
701 1742 727 1764 et
747 1735 893 1764 societatis
912 1735 1093 1771 appetitum,
1117 1735 1154 1763 ita
1170 1734 1320 1771 copulavit
1345 1742 1372 1763 et
1394 1735 1528 1770 miscuit,
1556 1740 1587 1762 ut
1610 1733 1639 1761 hi
1665 1732 1756 1769 magis

241 1790 278 1818 ad
300 1789 528 1817 consociationis
549 1788 630 1817 initia
653 1788 819 1824 explicanda
841 1787 1016 1818 inserviant..
1038 1787 1136 1814 saltem
1162 1794 1221 1814 non
1246 1786 1409 1815 distinctam
1438 1787 1520 1823 plane
1542 1791 1570 1814 et
1593 1784 1755 1813 absolutam

242 1840 330 1869 unius
359 1841 505 1877 appetitus
529 1840 564 1869 ab
586 1840 673 1868 altero
704 1838 939 1876 significationem
968 1838 1099 1866 habeant.
1148 1837 1189 1866 Ut
1214 1846 1281 1866 vcro
1305 1837 1403 1866 Cicero
1423 1837 1451 1866 in
1472 1837 1556 1871 aliis,
1581 1843 1756 1872 quamquam

241 1892 428 1929 paucioribus
453 1893 545 1928 locis,
574 1899 695 1927 utraque
715 1889 869 1926 discernit3
891 1890 932 1918 sic
956 1895 983 1917 et
1003 1888 1088 1917 nobis
1110 1898 1238 1925 separare
1257 1898 1271 1917 a
1291 1898 1321 1918 se
1346 1889 1466 1918 invicem
1489 1887 1706 1918 convenientius
1729 1893 1759 1916 et

237 1943 428 1973 necessarium
451 1944 547 1973 visum
574 1943 649 1980 fuit3
682 1942 769 1979 quia,
790 1941 901 1971 etiamsi
930 1940 1059 1970 studium
1087 1937 1233 1971 societatis
1257 1941 1346 1970 multa
1370 1947 1518 1970 mutuatur
1545 1949 1560 1970 a
1585 1940 1755 1970 benevolen-

1701 1989 1758 2026 ὼ,
