1913 2427
493 119 980 155 DISSERTATIO
1045 124 1400 160 JURIDICA.
1655 127 1697 167 65

185 210 247 246 cis,
267 218 404 238 summum
427 208 527 238 bonum
551 215 636 245 putes
656 209 743 244 (5),
763 207 844 242 sive,
864 209 944 243 quod
967 209 1112 238 honestum
1128 217 1190 246 est,
1213 212 1242 240 id
1261 212 1300 241 ita
1319 221 1460 242 summum
1477 214 1584 244 bonum
1609 221 1690 250 esse,

185 268 218 290 ut
242 261 336 290 omnia
360 270 393 291 ex
410 262 496 289 altera
515 267 594 296 parte
619 261 759 288 collocata
787 258 836 287 vix
862 259 972 287 minimi
1002 263 1139 290 momenti
1171 262 1261 293 instar
1290 264 1415 300 habeas,
1444 265 1486 294 uti
1513 266 1616 294 volunt
1640 266 1695 293 Pc-

184 314 336 350 ripatetici
353 313 428 350 (6).
469 312 557 340 Stoici
575 312 662 348 igitur
684 316 863 345 statuerunt,
892 310 1032 346 quidquid
1054 312 1208 342 honestum
1238 322 1298 350 est,
1326 315 1356 343 id
1379 316 1450 344 utile
1479 324 1541 353 est3
1570 326 1621 345 nec
1645 322 1689 345 est

185 364 343 400 quidquam
366 364 454 400 utile,
480 364 560 398 quod
580 371 639 391 non
658 362 829 398 stornatum:
856 370 940 398 quam
961 365 1130 393 sententiam
1152 365 1250 395 Cicero
1269 367 1298 395 in
1326 367 1380 396 hoc
1404 367 1478 397 libro
1498 368 1646 404 adoptavit
1664 373 1695 395 et

181 423 243 444 non
266 414 381 444 mirum.
419 414 579 442 Panaetius
602 414 696 449 enim,
718 421 802 449 quem
821 414 970 449 sequitur,
990 415 1130 451 negabat,
1152 418 1238 446 ullam
1255 425 1364 454 pestem
1389 419 1521 456 majorem
1548 419 1577 447 in
1602 419 1689 447 vitam

182 466 333 496 hominum
351 465 508 500 invasisse,
530 473 616 501 quam
631 473 727 493 eorum
745 463 929 500 opinionem,
957 465 1007 500 qui
1029 466 1078 495 illa
1094 468 1278 497 distraxerint
1298 469 1373 507 (7).
1414 470 1485 506 Sed,
1505 478 1570 498 cum
1585 470 1637 498 hac
1660 470 1696 498 de

182 527 213 547 re
235 519 292 555 jam
310 525 396 553 supra
424 518 511 553 (cap.
535 516 578 545 lV
594 517 659 546 mit.
669 523 684 553 )
716 516 852 552 quaedam
877 516 1055 552 dixerimus,
1083 518 1129 546 hic
1154 519 1313 549 subsistere
1336 529 1503 557 possumus.
1545 522 1692 550 Summum

181 569 282 597 bonum
304 569 393 596 Stoici
416 568 547 596 dicebant
576 569 775 598 convenienter
802 573 929 595 naturae:
952 575 1068 604 amere,-
1097 569 1153 597 hoc
1178 570 1283 606 habet,
1312 573 1470 601 secundum
1503 571 1665 601 Ciceronem
1681 592 1694 606 ,

179 622 254 650 hanc
278 621 466 655 sententiam,
492 629 556 649 cum
580 621 692 648 virtute
714 627 871 655 congruere
905 626 1030 656 semper:
1060 619 1153 648 virtus
1178 621 1251 649 enim
1270 622 1343 650 nihil
1364 629 1408 652 est
1430 623 1507 652 aliud
1517 644 1530 659 ,.
1553 631 1638 659 quam
1659 625 1692 651 in

179 680 209 700 se
223 671 360 710 perfecta
383 677 411 698 et
427 670 470 698 ad
487 679 625 699 summum
644 668 789 707 perdlscta
811 674 922 698 natura
939 670 996 706 (de
1013 671 1083 709 Leg.
1109 672 1141 707 I,
1163 674 1218 710 8.)
1245 680 1355 710 cetera,
1379 685 1453 714 quae
1469 676 1620 705 secundum
1643 686 1695 705 na-

179 730 280 752 turam
307 728 414 757 essent,
437 722 475 749 ita
493 721 603 757 legere,
625 719 650 748 si
667 729 697 748 ea
718 720 820 748 virtuti
842 727 901 747 non
921 728 1111 757 repugnarent
1133 723 1211 760 (8).
1252 725 1328 760 Sed,
1345 733 1412 754 cum
1435 726 1473 755 ita
1491 727 1547 755 hoc
1564 727 1623 762 sit,
1643 736 1696 763 pu-

179 780 276 802 tarunt
305 773 420 808 quidam
446 772 687 808 comparationem
717 779 776 800 nou
808 777 885 800 recte
914 772 1020 800 instrui
1051 782 1158 811 posse;
1188 775 1237 804 sed
1266 778 1421 812 respondet
1446 778 1564 814 Cicero,
1595 786 1695 808 verum

181 813 326 853 honestum
347 823 376 852 in
396 822 574 859 sapientibus
601 823 672 851 solis
701 830 779 858 esse3
801 816 832 851 in
855 823 889 851 iis
911 830 1026 859 autem‚
1048 824 1076 853 in
1102 825 1210 860 quibus
1235 827 1372 863 sapientia
1398 828 1526 864 pchecta
1547 838 1606 858 non
1630 836 1691 866 est,

178 875 275 913 ipsum
287 875 360 903 illud
376 874 489 910 quidem
507 873 669 910 perfectum
682 874 835 903 honestum
852 875 933 902 nullo
948 876 1032 903 modo
1043 896 1055 910 ‚
1075 876 1277 906 similitudines
1293 886 1360 906 vero
1373 879 1499 915 honesti,
1517 888 1578 908 esse
1595 888 1691 916 posse.

179 928 281 957 Officia
303 927 396 962 enim,
423 926 454 954 in
478 926 523 954 his
545 927 626 954 libris
649 931 722 961 quae
752 926 837 954 tradit
862 926 980 961 Cicero,
1009 933 1078 954 sunt
1096 927 1143 955 vel
1170 934 1272 964 recta,
1301 926 1345 958 vel
1369 929 1476 958 media.
1519 930 1614 959 Recta
1633 939 1693 960 non

177 980 235 1009 nisi
259 979 289 1008 in
312 979 466 1014 sapientem
493 979 618 1013 cadunt3
641 978 731 1007 media
753 984 846 1006 autem
869 986 928 1006 non
947 984 1057 1007 tantum
1080 980 1240 1015 sapientum
1260 986 1350 1016 sunt,
1372 981 1423 1009 sed
1443 981 1520 1010 omni
1541 981 1693 1010 hominum

177 1031 272 1068 generi
294 1030 458 1059 communia
484 1031 565 1067 (9),
594 1036 622 1058 et
645 1031 772 1066 vulgus,
801 1039 865 1059 cum
893 1030 1002 1067 judicet
1028 1030 1061 1058 de
1083 1032 1187 1068 officio,
1216 1038 1326 1060 rectum
1350 1039 1378 1060 et
1401 1032 1566 1070 perfectum
1588 1040 1693 1069 putat,

177 1083 257 1118 quod
280 1082 335 1110 tale
353 1088 503 1118 appareat,
524 1081 655 1117 quamvis
676 1090 705 1110 re
725 1090 785 1110 non
809 1082 857 1111 sit.
899 1082 951 1110 Illa
973 1082 1061 1118 igitur
1083 1084 1192 1112 honesti
1224 1092 1289 1113 cum
1312 1084 1376 1113 utili
1404 1085 1582 1121 comparatio
1606 1085 1691 1119 mini-

176 1143 222 1163 me
245 1142 420 1171 supervacua
442 1140 495 1162 est.
535 1122 680 1162 lnte‘rdum
704 1134 829 1163 dubitari
851 1135 943 1162 solere
964 1134 1053 1169 dicit,
1073 1140 1169 1162 utrum
1193 1135 1241 1170 id,
1264 1136 1343 1170 quod
1366 1136 1437 1164 utile
1460 1136 1621 1172 vider-etur,
1642 1144 1693 1165 an-

174 1186 366 1222 teponendum
391 1193 465 1213 esset
490 1185 632 1220 honesto,
659 1193 718 1214 non
738 1186 818 1221 quod
835 1194 868 1214 ea
888 1186 1047 1222 comparari
1072 1193 1204 1223 oporteat
1225 1187 1298 1215 inter
1320 1196 1361 1217 se.
1402 1188 1498 1225 Negat
1524 1195 1618 1217 autem
1643 1188 1692 1217 Ci-

174 1246 260 1272 cero,
285 1243 335 1265 aut
354 1236 544 1265 dubitandum
564 1246 644 1273 esse,
673 1244 723 1266 aut
748 1236 873 1274 un'quam
897 1238 1041 1273 dubitari,
1069 1246 1104 1267 an
1124 1238 1175 1273 id,
1202 1240 1282 1274 quod
1305 1239 1377 1268 utile
1399 1239 1550 1275 videatur,
1581 1241 1696 1268 honesto

174 1288 213 1316 sit
233 1288 479 1323 anteponendum}
503 1289 553 1316 sed
579 1295 671 1317 tamen
695 1295 823 1326 tempora
848 1290 973 1318 incidere
998 1297 1142 1325 possunt,
1165 1290 1292 1325 quibus,
1314 1291 1393 1325 quod
1413 1295 1499 1328 turpe
1524 1291 1694 1326 plerumque

174 1337 313 1371 habetur,
335 1340 479 1365 honestum
501 1347 562 1366 esse
583 1339 757 1368 inveniatur.
800 1341 838 1369 V.
860 1349 903 1376 gr.
927 1340 1070 1368 hominem
1095 1340 1223 1368 occidere
1239 1347 1325 1378 turpe
1341 1347 1403 1376 est3
1426 1349 1578 1377 tyrannum
1602 1349 1689 1375 vero,

176 1387 309 1424 quamvis
335 1387 499 1415 familiarem
512 1407 525 1422 ,
543 1396 602 1415 non
624 1394 734 1416 tantum
756 1398 815 1418 non
836 1396 945 1430 turpe,
967 1392 1019 1419 sed
1041 1392 1124 1419 etiam
1142 1393 1300 1429 gloriosum
1322 1392 1446 1420 videtur.
1487 1392 1625 1421 Attamen
1641 1391 1689 1419 hic

174 1448 235 1470 non
259 1439 331 1467 vicit
351 1439 461 1467 utilitas
493 1440 698 1476 honestatem,
726 1441 775 1469 sed
807 1442 985 1471 honestatem
1009 1442 1118 1470 utilitas
1144 1448 1241 1470 secuta
1267 1449 1320 1471 est,
1361 1442 1446 1470 Licet
1469 1442 1558 1479 igitur
1587 1443 1687 1470 Cicera

174 1487 240 1520 cum
263 1491 366 1518 Stoicis
390 1489 463 1518 utile
486 1496 588 1526 putet,
621 1492 698 1526 quod
722 1492 888 1528 honestum,
922 1494 1046 1529 ideoque
1073 1493 1190 1529 proprie
1207 1493 1315 1521 null‘am
1338 1493 1398 1521 dari·
1424 1492 1693 1531 comparationem,

173 1549 316 1577 attamen,
337 1541 406 1576 quia
428 1541 462 1568 ad
485 1547 600 1576 captum
630 1543 817 1578 popularem,
846 1550 873 1571 et
895 1544 929 1572 de
953 1544 1054 1572 mediIs
1077 1550 1188 1572 tantum
1218 1544 1248 1572 in
1275 1544 1329 1572 hoc
1357 1552 1457 1580 genere
1480 1551 1543 1580 agat
1567 1543 1693 1582 OfflcI'is,

174 1593 251 1622 illam
275 1591 515 1629 comparationem
543 1601 604 1622 non
627 1592 725 1622 omisit
734 1602 746 1630 5
774 1601 803 1623 et
821 1596 988 1631 praesertim
1015 1597 1086 1625 duas
1119 1595 1281 1626 collisionis
1315 1595 1424 1632 species
1455 1594 1504 1624 hic
1532 1596 1694 1632 proponit,

1621 1655 1695 1683 qua·

201 1743 251 1774 (5)
267 1744 309 1766 Cic.
328 1743 403 1767 Parad.
420 1745 437 1766 1.
469 1745 508 1768 Ac.
526 1744 551 1772 Q,-
565 1745 586 1770 l,
605 1750 639 1767 11.
669 1744 730 1767 Ture.
746 1743 780 1772 ν’,
798 1752 831 1768 11.
862 1748 924 1773 Βίας.
939 1744 1014 1767 lert.
1039 1745 1088 1767 Lib.
1106 1744 1155 1767 vn·
1180 1749 1199 1767 s.
1215 1748 1266 1767 101⁷·

200 1787 252 1815 (6)
270 1789 310 1809 Cic.
328 1787 351 1807 de
368 1787 415 1810 Fin.
430 1788 466 1812 V,
484 1791 507 1810 15
524 1792 572 1813 sqq.
605 1787 642 1808 Cl'.
658 1788 694 1810 Cl.
708 1795 728 1809 ν.
744 1782 878 1815 Lampsa
893 1790 951 1810 Dias.
967 1788 1026 1809 laud.
1050 1794 1099 1815 cap.
1115 1793 1137 1813 4.

201 1827 253 1855 (7)
267 1828 307 1855 Off
322 1829 370 1854 ΠΙ,
383 1834 406 1856 7·
428 1827 449 1854 §—
464 1834 500 1854 34-

201 1869 250 1897 (8)
266 1871 308 1891 Cic.
327 1870 374 1891 Fin.
389 1869 434 1896 111,
448 1875 470 1895 9.
501 1870 562 1897 Βίας.
578 1869 651 1893 Lae'rt.
666 1871 715 1893 vn.
730 1877 748 1894 ει
763 1871 797 1898 39.
815 1872 877 1897 cujus
892 1871 960 1893 verba
973 1870 1026 1892 huic
1040 1872 1092 1892 loco
1106 1868 1194 1891 addidit
1209 1870 1318 1892 Grasru‘m.
1341 1869 1378 1892 Cs.
1393 1868 1474 1897 [fpxtus
1490 1869 1578 1893 Hanud.
1591 1869 1619 1890 ad
1626 1869 1686 1892 Plu'l.

173 1914 234 1937 seule.
257 1913 282 1933 l..
299 1912 326 1934 11.
350 1912 410 1932 Diss.
426 1917 451 1938 ¹4
466 1916 514 1939 sqq.
526 1927 533 1938 ‚
551 1913 588 1934 ubi
603 1913 675 1936 vaula:
689 1912 754 1939 hujus
767 1914 876 1940 dogmatis
890 1912 981 1940 exponit
1000 1915 1207 1940 interpretationes.

199 1953 254 1982 (9)
267 1952 320 1975 Vld.
338 1950 404 1974 mcx·
417 1958 500 1980 nupta,
516 1952 544 1975 C.
557 1953 586 1976 ll.

935 1994 994 2030 Fs
