1913 2427
655 153 1036 188 ORATto,
1536 152 1579 183 13

109 256 220 297 Neque
247 257 301 283 aut
322 256 424 283 vestra
450 248 609 287 doctrina,
635 255 689 280 aut
713 248 893 291 argumenti
922 247 983 278 mei
1017 246 1116 284 ratio,
1145 251 1198 276 aut
1225 244 1377 288 temporis
1406 243 1445 275 ad
1472 244 1581 275 ‹licen-

112 311 192 343 dum
216 309 354 341 concessi
379 306 560 350 angustiae,
590 306 775 348 patiuntur,
808 311 845 335 ut
866 304 976 335 oculos
999 314 1056 346 per
1078 302 1290 345 amplissimos
1322 302 1411 332 Asiae
1441 300 1579 332 Africae·

112 378 176 411 que
205 365 286 396 fines
309 362 548 401 circumferens,
571 361 695 404 singula
721 371 904 404 percurram
933 360 1178 391 clarissimarum
1201 359 1406 389 victoriarum
1436 364 1582 400 tropaea,

112 423 231 466 quibus
259 421 478 453 Saracenicum
504 418 695 461 imperium,
731 416 771 447 ab
794 417 889 448 altera
917 423 1005 460 parte
1035 416 1074 447 ad
1102 415 1219 447 Indum
1248 425 1350 459 usque
1375 413 1516 452 flumen,
1540 413 1585 444 ab·

115 479 210 510 altera
233 478 272 509 ad
297 477 415 509 Oceani
444 475 590 507 Atlantici
617 474 727 512 litora,
752 474 1018 517 paucissimorum
1049 483 1209 504 annorum
1237 472 1339 514 spatio
1370 477 1582 514 propagatum

116 542 170 567 est„
219 536 286 565 Hoe
311 544 386 565 vero
412 538 448 563 ut
477 531 710 569 demonstrem,
743 531 839 573 hujus
865 530 1019 561 orationis
1047 530 1129 560 ratio
1155 528 1311 572 postulat,
1344 529 1404 559 hoc
1432 527 1583 570 requirit,

117 592 193 624 haec
221 597 307 622 tanta
337 596 367 621 et
400 596 463 619 tam
498 587 602 618 subita
630 586 789 630 potentiae
820 588 1032 625 incrementa,
1059 597 1127 616 non
1164 596 1203 616 ex
1226 585 1357 615 avaritia
1384 584 1585 626 principum,

117 659 157 680 ex
174 646 362 678 dominandi
378 644 565 688 cupiditate,
589 655 628 674 ex
652 643 813 674 bonorum
835 644 1031 675 terrestrium
1053 653 1178 680 amore,
1198 641 1329 672 fluxisse
1343 664 1353 680 ‚
1378 640 1435 671 sed
1457 640 1584 683 religio-

117 705 170 736 nis
195 702 468 736 Mohammed‘tcae
502 700 608 731 studio
635 700 729 731 unice
752 699 869 731 deberi.

163 763 231 791 Hoc
253 761 350 802 igitur
379 766 414 789 ut
439 757 612 789 melius-et
635 757 810 787 accuratius
834 755 1027 798 perspiciatis
1059 758 1095 789 A.
1116 758 1176 797 A„
1199 755 1275 787 hinc
1294 756 1415 799 primos
1439 756 1588 787 Moham-

120 816 222 849 medis
251 825 470 853 successores,
502 814 590 844 illinc
622 813 811 844 fortissimos
833 820 864 843 et
897 814 1034 844 invictos
1064 813 1238 849 exercitus,
1268 813 1347 843 sacri
1381 812 1455 843 belli
1482 811 1589 842 fulmi-

112 884 183 911 na,
205 870 422 903 considerate!
463 871 545 901 Mira
570 869 710 913 profecto
734 876 765 900 et
791 869 933 900 inaudita
963 881 1013 901 res
1039 877 1102 907 est,
1139 869 1194 900 sed
1220 876 1325 900 tamen
1348 868 1590 911 probatissimo-

122 939 198 961 rum
227 935 393 959 auctorum
421 938 578 958 consensu
608 934 638 957 et
669 926 851 960 testimonio
883 926 1055 964 celebrata,
1086 927 1208 969 priscos
1238 925 1309 956 illos
1344 924 1488 955 fidelium
1524 924 1589 955 Im·

123 991 305 1029 peratores,
337 995 404 1015 non
439 983 528 1014 aulae
560 983 749 1026 splendore,
780 993 839 1013 nec
864 984 1052 1025 stipatorum
1081 989 1135 1013 aut
1165 990 1415 1025 purpuratorum
1444 980 1592 1023 frequen-

124 1042 186 1080 tia,
208 1052 268 1072 nec
290 1042 425 1073 vestium
445 1040 619 1083 elegantia,
641 1050 699 1069 uec
722 1038 906 1069 divitiarum
927 1040 1064 1077 acervis,
1089 1050 1108 1069 a
1125 1039 1215 1070 turba
1237 1038 1466 1069 Mostemomm
1494 1035 1590 1068 fuisse

124 1097 302 1129 distinctos.
338 1097 409 1127 sota
424 1097 545 1139 justitia
559 1119 568 1133 ,
591 1096 749 1138 aequitaS,
772 1097 999 1138 temperantia,
1017 1107 1073 1127 eos
1087 1095 1126 1126 ad
1141 1105 1304 1126 summum
1323 1093 1485 1137 dignitatis
1507 1091 1594 1123 fasti-

124 1155 214 1197 gium
237 1159 412 1187 evexerant.
465 1155 531 1184 Hos
557 1163 624 1183 non
653 1158 689 1182 ut
717 1151 811 1182 heros
840 1158 870 1182 et
901 1152 1069 1190 dominos,
1102 1152 1167 1182 suis
1196 1149 1372 1181 cervicibus
1403 1149 1589 1191 impositos,

126 1210 181 1241 sed
205 1216 241 1240 ut
272 1209 350 1251 legis
378 1209 580 1251 interpretes,
612 1209 784 1250 Prophetae
801 1208 926 1246 socios,
947 1220 1080 1251 ejusque
1103 1217 1264 1250 expressas
1289 1213 1320 1237 et
1345 1206 1487 1237 viventes
1511 1206 1589 1243 ima-

126 1267 233 1309 gines,
261 1265 374 1296 caeteri
398 1264 642 1295 venerabantur.
693 1265 759 1295 Nee
777 1263 922 1294 diversus
945 1265 1085 1295 militum
1116 1265 1243 1294 animus
1255 1275 1268 1302 3v
1294 1272 1376 1305 quos
1408 1269 1529 1293 tantam
1555 1262 1590 1293 in

112 1321 384 1355 .Mohammedem
420 1328 451 1352 et
484 1323 646 1352 Coranum
683 1320 916 1352 observantiam
954 1327 1241 1356 eom1noiistrasse,
1288 1326 1438 1362 tantaque
1471 1329 1527 1361 spe
1559 1324 1593 1350 et

107 1389 232 1410 -amore
251 1385 452 1411 aeternorum
476 1377 726 1420 coelestiumque
753 1376 968 1419 praemiorum
991 1376 1072 1406 latos
1094 1382 1127 1406 et
1148 1376 1303 1419 impulsos
1332 1374 1427 1406 fuisse
1451 1380 1591 1413 constat3

110 1442 183 1474 =ut,
205 1434 363 1477 quidquid
387 1433 517 1476 reliquis
543 1433 730 1465 mortalibus
748 1443 918 1476 magnum,
941 1433 1111 1475 spectabile
1143 1441 1174 1464 et
1205 1432 1385 1475 jucundum
1425 1439 1592 1469 censetur,

123 1503 200 1536 prae
225 1493 273 1523 his
300 1491 497 1534 despicerent
528 1498 624 1535 atque
652 1496 904 1522 contemnerent.
958 1489 1140 1520 Dolendum
1163 1496 1224 1527 est,
1255 1490 1383 1520 illorum
1410 1496 1592 1531 temporum

122 1550 310 1586 Saracenos,
341 1548 465 1589 agendo
491 1549 617 1589 magis,
642 1558 740 1591 quam
767 1545 937 1589 cogitando
963 1552 994 1576 et
1021 1546 1224 1589 eloquentie,
1255 1546 1459 1584 excelluisse3
1481 1544 1592 1575 dolen·

111 1599 218 1642 Atium,
240 1605 297 1647 qui
322 1615 374 1635 res
402 1611 503 1646 gestas
528 1604 614 1634 illius
637 1605 706 1635 aevi
745 1605 811 1634 suis
842 1603 1079 1633 commentariis
1111 1604 1287 1646 posteritati
1321 1602 1497 1639 traderent,
1519 1612 1592 1644 pau.

127 1661 270 1691 cissimos
287 1659 392 1692 fuisse.
439 1661 683 1699 Verumtamen,
706 1661 740 1691 in
765 1660 824 1690 hac
849 1667 1133 1695 monumentorum
1151 1662 1307 1704 penuria,
1332 1667 1416 1691 tanta
1441 1658 1598 1701 exemplo·

127 1727 199 1749 rum
216 1717 385 1753 obruimur
404 1717 629 1756 multitudine,
651 1725 707 1755 ut,
725 1719 752 1747 si
766 1717 838 1759 quis
856 1717 932 1748 haec
947 1717 1073 1760 singula
1092 1728 1278 1749 enumerare
1293 1723 1325 1747 et
1343 1727 1488 1747 enarrare
1504 1714 1595 1753 velit,

129 1773 222 1805 citius
242 1773 308 1804 dies
335 1774 511 1810 dicentem,
536 1784 632 1816 quam
655 1775 836 1816 argumenti
856 1775 965 1817 eopia,
997 1774 1133 1808 deficiat.
1183 1776 1230 1805 Ex
1255 1774 1438 1805 innumeris-
1448 1782 1550 1816 pauca
1565 1777 1597 1803 et

129 1828 299 1859 clarissima
320 1830 449 1871 quidem
477 1833 649 1873 specimina
679 1831 959 1863 commemoranda
981 1838 1067 1864 sunta.

172 1885 402 1927 Dignissimum
424 1897 498 1929 prae
526 1887 656 1918 caeteris
688 1893 735 1918 est
770 1887 870 1918 relatu
905 1894 995 1917 atrox
1032 1885 1111 1917 illud
1144 1885 1231 1929 apud
1260 1886 1389 1918 Mutam
1420 1885 1595 1929 proelium,

130 1950 197 1983 quo
225 1942 365 1984 primum
398 1942 468 1983 die,
499 1944 575 1976 vivo
603 1942 709 1976 adhuc
741 1942 965 1978 Mohammede
1002 1949 1034 1974 et
1062 1943 1230 1985 superstite
1247 1967 1256 1983 ,
1287 1942 1407 1976 Arabes
1437 1943 1473 1974 iu
1490 1947 1596 1984 syriae

877 2001 901 2030 B
925 2011 943 2042 3
1525 1996 1598 2028 fini-
