1913 2427
311 137 351 173 18
804 131 1265 167 J.BAKE

1381 169 1390 182 Χ

309 229 399 267 dica,
422 229 457 261 in
485 228 547 260 alio
571 227 646 258 item
673 225 777 268 gravis
795 231 826 256 et
852 223 1024 254 vehemens
1055 228 1087 253 et
1114 222 1258 265 copiosa,
1291 227 1473 253 cerneretur
1498 222 1612 256 oratio,
1669 222 1777 263 Quid?

312 286 513 329 singulorum
541 283 771 316 vocabulorum
801 280 998 312 notationem
1033 288 1099 310 non
1127 279 1225 310 modo
1250 289 1316 310 non
1350 278 1550 321 repudiabit,
1574 279 1629 311 sed
1653 281 1687 311 in
1709 279 1780 323 pri·

312 344 374 375 mis
398 342 537 374 studiose
570 338 749 380 indagabit:
780 346 920 380 quorum
943 335 1075 378 quidem
1103 335 1258 367 diuturno
1289 342 1320 367 et
1350 335 1499 366 tralatitio
1533 346 1617 374 usu,
1649 347 1685 367 ac
1703 346 1777 379 pra·

310 411 350 433 va
371 396 617 434 consuetudine,
642 394 674 425 id
699 392 818 424 factum
837 402 904 423 esse
927 392 1094 431 videmus,
1114 399 1150 423 ut
1174 393 1264 435 quasi
1289 398 1414 423 mortua
1448 392 1604 436 quaedam
1624 394 1714 435 signa
1736 390 1778 423 ad

309 457 418 490 vivam
440 453 663 497 cogitationem
689 448 990 481 communicandam
1021 448 1251 487 adhibeantur,
1286 450 1448 492 propriam
1479 460 1515 481 ac
1543 450 1683 480 nativam
1709 449 1778 480 vim

308 512 478 545 amiserint.
534 511 578 542 At
610 507 690 551 quid
726 513 870 538 veterum
908 506 1022 548 optimi
1056 506 1201 549 quique?
1233 505 1402 549 numquod
1440 505 1577 538 verbum
1605 505 1691 550 apud
1722 515 1778 537 eos

309 569 468 606 otiosum,
497 577 577 598 num
603 574 727 596 cassum
756 562 936 594 sententia?
964 573 1005 594 an
1037 563 1147 605 potius
1180 562 1306 606 singula
1340 563 1383 594 ita
1411 563 1512 605 posita
1532 569 1564 594 et
1593 562 1716 600 efficta,
1736 568 1776 594 ut

307 637 346 658 ex
370 626 436 669 ipsa
462 630 575 655 natura
603 627 635 653 et
658 620 835 664 primordio
857 619 1013 655 orationis
1046 619 1213 662 desumta,
1245 619 1345 651 veluti
1376 619 1510 662 pingant
1544 619 1776 659 illustrissime,

306 681 341 713 id
362 680 450 724 quod
482 679 535 711 alii
571 677 747 709 multorum
772 676 902 707 demum
928 681 990 720 ope
1020 677 1193 708 verborum
1222 675 1425 719 frigidissime
1449 675 1580 707 reddere
1600 682 1776 715 conantur3

309 737 390 770 adeo
420 743 456 768 ut
489 747 556 767 non
590 734 607 766 e
637 733 830 771 verborum,
861 732 916 764 sed
943 744 1052 765 revera
1074 745 1115 765 ex
1145 733 1339 776 imaginum,
1372 732 1511 776 quadam
1544 733 1777 776 compositione

307 795 448 840 singulas
471 791 714 835 comprehensas
740 801 807 821 esse
826 791 998 821 sententias
1025 790 1122 823 dicas.

367 848 487 883 Harum
518 859 624 880 rerum
651 846 759 879 studio
789 853 820 878 et
852 846 1060 890 intelligentia
1087 848 1114 878 si
1135 846 1239 878 dicam
1268 847 1566 891 interpretationem
1599 847 1777 888 contineri,

301 908 389 941 haud
421 914 536 939 temere
567 905 648 937 mihi
679 904 788 936 videor
804 902 980 942 affirmare,
1011 903 1095 935 hanc
1121 904 1326 947 praecipuam
1363 915 1431 936 esse
1461 911 1583 948 partem
1611 905 1683 951 ejus
1708 915 1777 936 mu-

300 966 409 1004 neris,
439 963 528 1007 quod
550 961 805 995 Grammaticum
827 960 889 993 sibi
907 961 1109 1004 propositum
1133 960 1249 993 habere
1264 967 1410 1005 oportet,
1443 968 1480 993 ut
1513 967 1621 1006 custos
1650 961 1692 993 sit
1717 972 1773 994 ve-

302 1022 378 1054 teris
400 1021 562 1052 doctrinae
583 1026 614 1051 et
635 1019 817 1062 elegantiae.
863 1019 968 1058 Quam
993 1029 1061 1050 non
1086 1025 1212 1049 tantum
1237 1024 1274 1049 ut
1298 1017 1393 1048 talem
1417 1025 1565 1057 tueatur,
1586 1017 1715 1061 qualem
1740 1019 1776 1051 in

299 1079 417 1112 nostris
449 1076 603 1120 exemplis
635 1077 828 1119 scriptorum
860 1075 1035 1117 acceperit,
1068 1073 1124 1106 sed
1149 1073 1297 1105 emendet
1329 1085 1460 1117 quoque
1497 1084 1624 1106 necesse
1652 1081 1718 1115 est,
1739 1080 1773 1107 et

302 1135 343 1168 ad
362 1137 517 1167 sinceram
533 1134 753 1176 integramque
778 1130 914 1163 formam
943 1132 1109 1163 restituere
1132 1137 1278 1163 conetur.
1324 1132 1431 1174 Atque
1457 1131 1518 1162 hoc
1540 1131 1773 1174 ipsumemen·

301 1192 398 1225 dandi
430 1191 595 1234 negotium
629 1197 754 1221 tantum
779 1189 866 1221 abest
889 1195 926 1220 ut
949 1199 1064 1232 genere
1095 1187 1294 1231 disjunctum
1321 1188 1363 1219 sit
1389 1187 1430 1218 ab
1459 1198 1498 1218 eo
1521 1187 1648 1228 studio,
1681 1187 1773 1232 quod

295 1249 394 1282 modo
422 1246 718 1280 commendavimus
734 1269 744 1284 ‚
781 1253 818 1278 ut
855 1245 963 1290 potius
991 1245 1066 1277 inde
1097 1245 1219 1277 oriatur
1254 1256 1360 1288 neque
1391 1244 1493 1288 possit
1526 1244 1630 1277 avelli.
1695 1246 1775 1277 Jam'

300 1316 376 1338 vero
409 1305 570 1349 duplicem
613 1304 701 1347 quod
746 1302 854 1335 ferunt
892 1314 960 1335 esse
999 1302 1228 1335 mutandorum
1265 1301 1582 1334 emendandorumve
1625 1302 1771 1335 veterum

297 1364 488 1405 scriptorum
523 1362 695 1398 rationem,
728 1371 865 1405 quarum
895 1359 991 1391 altera
1025 1359 1177 1403 ingenia,
1209 1358 1307 1391 altera
1333 1359 1594 1391 membranarum
1631 1361 1770 1392 auctori·

295 1425 358 1450 tate
382 1420 520 1457 nitatur3
542 1419 672 1461 ingenio
691 1419 749 1459 qui
771 1417 930 1461 plurima,
955 1428 991 1448 ac
1018 1423 1146 1448 tantum
1165 1427 1234 1448 non
1257 1416 1367 1448 omnia
1387 1416 1557 1454 tribuunt,
1588 1421 1673 1446 recte
1698 1424 1770 1457 age·

297 1487 332 1507 re
354 1475 520 1513 videntur,
543 1475 605 1507 uisi
625 1474 713 1518 quod
731 1485 768 1506 ea
784 1473 917 1506 facultas
941 1485 1010 1506 non
1034 1480 1099 1505 tam
1121 1473 1258 1516 insignis
1281 1480 1329 1505 est
1357 1473 1398 1505 ad
1424 1473 1595 1505 maximam
1627 1470 1769 1511 laudem,

295 1543 393 1576 quam
418 1533 598 1563 necessaria.
640 1532 701 1562 Sed
727 1531 930 1575 quaerimus,
965 1530 1047 1574 quid
1072 1531 1243 1574 proprium
1263 1531 1304 1562 sit
1322 1531 1546 1569 Grammafici,
1569 1539 1674 1572 neque
1695 1537 1771 1560 cum

296 1589 364 1621 aliis
390 1588 567 1631 disciplinis
599 1599 773 1620 commune
843 1589 958 1619 Utatur
991 1588 1090 1630 igitur
1124 1588 1256 1620 vetustis
1292 1587 1457 1619 codicibus
1485 1597 1584 1617 manu
1617 1585 1768 1617 exaratis:

297 1645 416 1689 quibus
438 1645 606 1688 diligenter
633 1644 863 1689 pertractandis
898 1643 1050 1687 interque
1074 1655 1108 1676 se
1131 1645 1371 1688 comparandis,
1405 1643 1579 1675 multarum
1606 1641 1678 1673 fons
1703 1652 1769 1673 cor-

294 1701 491 1745 ruptelarum
511 1703 731 1745 cognoscitur,
754 1701 995 1745 plurimumque
1012 1700 1092 1732 lucis
1108 1701 1158 1733 vel
1177 1701 1429 1745 impeditissimis
1453 1701 1568 1732 harum
1600 1699 1766 1731 literarum

291 1758 436 1803 partibus
450 1758 594 1797 accendi,
612 1760 719 1802 magni
738 1759 795 1789 viri
811 1757 1031 1790 ostenderunt.
1080 1760 1200 1790 Verum
1226 1757 1308 1790 banc
1332 1758 1482 1789 codicum
1508 1767 1607 1788 manu
1629 1756 1767 1799 scripto·

293 1825 366 1847 rum
387 1815 662 1857 investigationem
684 1822 791 1847 errant
813 1816 869 1858 qui
891 1815 989 1857 hujus
1007 1815 1127 1858 negotii
1153 1816 1316 1859 propriam
1337 1816 1538 1852 existimant,
1564 1824 1666 1858 quum
1690 1813 1766 1844 uni·

291 1881 398 1902 versae
424 1871 464 1901 sit
489 1871 756 1914 interpretationis
777 1871 851 1904 fons
878 1882 914 1903 ac
940 1870 1188 1903 fundamentum
1252 1873 1320 1904 Nisi
1352 1873 1439 1904 enim
1467 1871 1671 1903 vehementer
1701 1868 1762 1901 sat-

286 1928 351 1966 lor,
373 1928 479 1958 omnis
506 1928 540 1958 in
564 1929 623 1959 hae
642 1939 756 1970 genere
781 1929 927 1961 doctrina
957 1928 1090 1961 testibus
1116 1935 1326 1968 continetur,
1357 1930 1391 1960 in
1415 1927 1536 1971 quibus
1571 1925 1764 1959 adhibendis

286 1983 577 2028 eogmscendisque
598 1992 704 2018 noster
727 1986 781 2019 ille
807 1986 1047 2021 Grammaticus
1066 1985 1182 2030 judicii
1208 1996 1344 2021 acumen
1367 1991 1543 2030 expromat.
1589 1983 1639 2018 Ad
1664 1983 1765 2016 histo-

302 2056 307 2060 .
1685 2048 1767 2072 nam
