<?xml version="1.0" encoding="UTF-8"?>
<!DOCTYPE html PUBLIC "-//W3C//DTD XHTML 1.0 Transitional//EN"
    "http://www.w3.org/TR/xhtml1/DTD/xhtml1-transitional.dtd">
<html xmlns="http://www.w3.org/1999/xhtml" xml:lang="en" lang="en">
 <head>
  <title>
</title>
<meta http-equiv="Content-Type" content="text/html;charset=utf-8" />
  <meta name='ocr-system' content='tesseract 3.04.00' />
  <meta name='ocr-capabilities' content='ocr_page ocr_carea ocr_par ocr_line ocrx_word'/>
</head>
<body>
  <div class='ocr_page' id='page_1' title='image "annalesacademiae17rijk_0110.png"; bbox 0 0 1913 2427; ppageno 0'>
   <div class='ocr_carea' id='block_1_1' title="bbox 303 141 1270 185">
    <p class='ocr_par' dir='ltr' id='par_1_1' title="bbox 303 141 1270 185">
     <span class='ocr_line' id='line_1_1' title="bbox 303 141 1270 185; baseline -0.001 -6"><span class='ocrx_word' id='word_1_1' title='bbox 303 147 363 185; x_wconf 52' lang='lat'><strong>20⁴</strong></span> <span class='ocrx_word' id='word_1_2' title='bbox 805 144 879 180; x_wconf 76' lang='lat' dir='ltr'><strong>J.·</strong></span> <span class='ocrx_word' id='word_1_3' title='bbox 962 148 986 178; x_wconf 81' lang='lat' dir='ltr'>B</span> <span class='ocrx_word' id='word_1_4' title='bbox 1053 141 1270 178; x_wconf 22' lang='lat' dir='ltr'><strong>A&#39;rkw:</strong></span> 
     </span>
    </p>
   </div>
   <div class='ocr_carea' id='block_1_2' title="bbox 303 231 1810 2099">
    <p class='ocr_par' dir='ltr' id='par_1_2' title="bbox 303 231 1810 2099">
     <span class='ocr_line' id='line_1_2' title="bbox 303 231 1794 288; baseline -0.004 -11"><span class='ocrx_word' id='word_1_5' title='bbox 303 239 391 277; x_wconf 85' lang='lat' dir='ltr'><strong>kenii</strong></span> <span class='ocrx_word' id='word_1_6' title='bbox 416 231 525 277; x_wconf 39' lang='lat' dir='ltr'><strong>§veram</strong></span> <span class='ocrx_word' id='word_1_7' title='bbox 561 242 750 288; x_wconf 72' lang='lat' dir='ltr'>elegantiam</span> <span class='ocrx_word' id='word_1_8' title='bbox 794 241 1020 285; x_wconf 70' lang='lat' dir='ltr'>anteponimus</span> <span class='ocrx_word' id='word_1_9' title='bbox 1039 264 1050 281; x_wconf 85' lang='lat'>‚</span> <span class='ocrx_word' id='word_1_10' title='bbox 1079 240 1198 283; x_wconf 81' lang='lat' dir='ltr'><strong>quibus</strong></span> <span class='ocrx_word' id='word_1_11' title='bbox 1231 240 1276 272; x_wconf 87' lang='lat' dir='ltr'><strong>nil</strong></span> <span class='ocrx_word' id='word_1_12' title='bbox 1309 233 1400 271; x_wconf 58' lang='lat' dir='ltr'><strong>adeo‘</strong></span> <span class='ocrx_word' id='word_1_13' title='bbox 1419 238 1572 282; x_wconf 65' lang='lat' dir='ltr'><strong>pusilium</strong></span> <span class='ocrx_word' id='word_1_14' title='bbox 1595 239 1794 281; x_wconf 37' lang='lat' dir='ltr'><strong>videbamur</strong></span> 
     </span>
     <span class='ocr_line' id='line_1_3' title="bbox 305 296 1789 343; baseline -0.005 -7"><span class='ocrx_word' id='word_1_15' title='bbox 305 304 404 337; x_wconf 89' lang='lat' dir='ltr'><strong>modo</strong></span> <span class='ocrx_word' id='word_1_16' title='bbox 436 303 600 335; x_wconf 77' lang='lat' dir='ltr'><strong>literarum</strong></span> <span class='ocrx_word' id='word_1_17' title='bbox 629 303 767 334; x_wconf 84' lang='lat' dir='ltr'><strong>nitorem</strong></span> <span class='ocrx_word' id='word_1_18' title='bbox 801 301 947 343; x_wconf 73' lang='lat' dir='ltr'><strong>juvaret,</strong></span> <span class='ocrx_word' id='word_1_19' title='bbox 979 300 1059 343; x_wconf 88' lang='lat' dir='ltr'><strong>quin</strong></span> <span class='ocrx_word' id='word_1_20' title='bbox 1096 299 1187 331; x_wconf 89' lang='lat' dir='ltr'><strong>omni</strong></span> <span class='ocrx_word' id='word_1_21' title='bbox 1219 297 1326 329; x_wconf 79' lang='lat' dir='ltr'><strong>studio</strong></span> <span class='ocrx_word' id='word_1_22' title='bbox 1355 296 1587 339; x_wconf 75' lang='lat' dir='ltr'><strong>exquirendum</strong></span> <span class='ocrx_word' id='word_1_23' title='bbox 1619 305 1789 342; x_wconf 62' lang='lat' dir='ltr'><strong>putarent.⁴</strong></span> 
     </span>
     <span class='ocr_line' id='line_1_4' title="bbox 308 353 1791 404; baseline -0.007 -11"><span class='ocrx_word' id='word_1_24' title='bbox 308 361 404 403; x_wconf 90' lang='lat' dir='ltr'><strong>Quod</strong></span> <span class='ocrx_word' id='word_1_25' title='bbox 435 361 573 404; x_wconf 84' lang='lat' dir='ltr'><strong>spatium</strong></span> <span class='ocrx_word' id='word_1_26' title='bbox 606 359 663 390; x_wconf 87' lang='lat' dir='ltr'><strong>ubi</strong></span> <span class='ocrx_word' id='word_1_27' title='bbox 698 365 843 402; x_wconf 88' lang='lat' dir='ltr'><strong>apertum</strong></span> <span class='ocrx_word' id='word_1_28' title='bbox 872 358 932 388; x_wconf 84' lang='lat' dir='ltr'><strong>erit</strong></span> <span class='ocrx_word' id='word_1_29' title='bbox 958 357 1112 399; x_wconf 73' lang='lat' dir='ltr'><strong>ingenio,</strong></span> <span class='ocrx_word' id='word_1_30' title='bbox 1145 366 1211 386; x_wconf 85' lang='lat' dir='ltr'><strong>non</strong></span> <span class='ocrx_word' id='word_1_31' title='bbox 1236 353 1269 386; x_wconf 82' lang='lat' dir='ltr'><strong>in</strong></span> <span class='ocrx_word' id='word_1_32' title='bbox 1298 355 1367 397; x_wconf 79' lang='lat' dir='ltr'><strong>ipso</strong></span> <span class='ocrx_word' id='word_1_33' title='bbox 1398 353 1508 385; x_wconf 87' lang='lat' dir='ltr'><strong>limine</strong></span> <span class='ocrx_word' id='word_1_34' title='bbox 1531 356 1704 393; x_wconf 79' lang='lat' dir='ltr'><strong>consistet,</strong></span> <span class='ocrx_word' id='word_1_35' title='bbox 1724 355 1791 389; x_wconf 60' lang='lat' dir='ltr'><strong>sedi</strong></span> 
     </span>
     <span class='ocr_line' id='line_1_5' title="bbox 311 411 1793 461; baseline -0.006 -12"><span class='ocrx_word' id='word_1_36' title='bbox 311 417 419 461; x_wconf 84' lang='lat' dir='ltr'><strong>quoad</strong></span> <span class='ocrx_word' id='word_1_37' title='bbox 448 417 564 460; x_wconf 86' lang='lat' dir='ltr'><strong>poterit</strong></span> <span class='ocrx_word' id='word_1_38' title='bbox 590 422 755 454; x_wconf 86' lang='lat' dir='ltr'><strong>excurret,</strong></span> <span class='ocrx_word' id='word_1_39' title='bbox 785 413 1012 458; x_wconf 85' lang='lat' dir='ltr'><strong>pervenietque</strong></span> <span class='ocrx_word' id='word_1_40' title='bbox 1039 413 1079 444; x_wconf 87' lang='lat' dir='ltr'><strong>ad</strong></span> <span class='ocrx_word' id='word_1_41' title='bbox 1112 412 1190 443; x_wconf 85' lang='lat' dir='ltr'><strong>illud</strong></span> <span class='ocrx_word' id='word_1_42' title='bbox 1225 412 1387 443; x_wconf 75' lang='lat' dir='ltr'><strong>literarum</strong></span> <span class='ocrx_word' id='word_1_43' title='bbox 1416 411 1598 453; x_wconf 82' lang='lat' dir='ltr'><strong>judicium,</strong></span> <span class='ocrx_word' id='word_1_44' title='bbox 1628 412 1686 457; x_wconf 77' lang='lat' dir='ltr'><strong>qu&#39;i</strong></span> <span class='ocrx_word' id='word_1_45' title='bbox 1711 411 1793 446; x_wconf 64' lang='lat' dir='ltr'><strong>diti-0</strong></span> 
     </span>
     <span class='ocr_line' id='line_1_6' title="bbox 312 469 1795 517; baseline -0.005 -12"><span class='ocrx_word' id='word_1_46' title='bbox 312 481 427 506; x_wconf 84' lang='lat' dir='ltr'><strong>turnae</strong></span> <span class='ocrx_word' id='word_1_47' title='bbox 449 472 678 517; x_wconf 78' lang='lat' dir='ltr'>experientiae,</span> <span class='ocrx_word' id='word_1_48' title='bbox 700 479 828 504; x_wconf 90' lang='lat' dir='ltr'><strong>auctore</strong></span> <span class='ocrx_word' id='word_1_49' title='bbox 852 472 1022 514; x_wconf 87' lang='lat' dir='ltr'>Longino,</span> <span class='ocrx_word' id='word_1_50' title='bbox 1046 469 1168 502; x_wconf 76' lang='lat' dir='ltr'><strong>fructus</strong></span> <span class='ocrx_word' id='word_1_51' title='bbox 1193 475 1251 500; x_wconf 70' lang='lat' dir='ltr'><strong>est.</strong></span> <span class='ocrx_word' id='word_1_52' title='bbox 1645 483 1648 487; x_wconf 41' lang='grc' dir='ltr'><em>ι</em></span> <span class='ocrx_word' id='word_1_53' title='bbox 1680 481 1682 492; x_wconf 74' lang='lat'>1</span> <span class='ocrx_word' id='word_1_54' title='bbox 1727 478 1742 493; x_wconf 51' lang='grc' dir='ltr'><strong>ι,</strong></span> <span class='ocrx_word' id='word_1_55' title='bbox 1777 469 1795 497; x_wconf 57' lang='grc' dir='ltr'><strong>Αὲ</strong></span> 
     </span>
     <span class='ocr_line' id='line_1_7' title="bbox 374 525 1792 569; baseline -0.001 -6"><span class='ocrx_word' id='word_1_56' title='bbox 374 529 633 568; x_wconf 87' lang='lat' dir='ltr'><strong>Vindicavimus‚</strong></span> <span class='ocrx_word' id='word_1_57' title='bbox 656 530 693 562; x_wconf 84' lang='lat' dir='ltr'><strong>A.</strong></span> <span class='ocrx_word' id='word_1_58' title='bbox 706 531 747 562; x_wconf 89' lang='lat' dir='ltr'><strong>A.</strong></span> <span class='ocrx_word' id='word_1_59' title='bbox 738 550 768 569; x_wconf 87' lang='lat'><strong>.‚</strong></span> <span class='ocrx_word' id='word_1_60' title='bbox 799 529 962 560; x_wconf 81' lang='lat' dir='ltr'><strong>voluimus</strong></span> <span class='ocrx_word' id='word_1_61' title='bbox 989 534 1072 560; x_wconf 85' lang='lat' dir='ltr'><strong>certe</strong></span> <span class='ocrx_word' id='word_1_62' title='bbox 1099 526 1258 558; x_wconf 86' lang='lat' dir='ltr'><strong>vindicare</strong></span> <span class='ocrx_word' id='word_1_63' title='bbox 1284 535 1378 563; x_wconf 87' lang='lat' dir='ltr'><strong>eum,</strong></span> <span class='ocrx_word' id='word_1_64' title='bbox 1413 526 1470 568; x_wconf 88' lang='lat' dir='ltr'><strong>qui</strong></span> <span class='ocrx_word' id='word_1_65' title='bbox 1495 525 1654 559; x_wconf 79' lang='lat' dir='ltr'><strong>bonarum</strong></span> <span class='ocrx_word' id='word_1_66' title='bbox 1679 528 1792 564; x_wconf 52' lang='lat' dir='ltr'><strong>litera-⁴</strong></span> 
     </span>
     <span class='ocr_line' id='line_1_8' title="bbox 306 581 1791 631; baseline 0.001 -11"><span class='ocrx_word' id='word_1_67' title='bbox 306 598 381 623; x_wconf 80' lang='lat' dir='ltr'><strong>rum</strong></span> <span class='ocrx_word' id='word_1_68' title='bbox 414 597 534 619; x_wconf 89' lang='lat' dir='ltr'><strong>nomen</strong></span> <span class='ocrx_word' id='word_1_69' title='bbox 566 585 774 630; x_wconf 83' lang='lat' dir='ltr'><strong>studiumque</strong></span> <span class='ocrx_word' id='word_1_70' title='bbox 802 585 988 630; x_wconf 85' lang='lat' dir='ltr'><strong>profitetur,</strong></span> <span class='ocrx_word' id='word_1_71' title='bbox 1017 586 1034 616; x_wconf 81' lang='lat' dir='ltr'><strong>e</strong></span> <span class='ocrx_word' id='word_1_72' title='bbox 1059 583 1217 622; x_wconf 86' lang='lat' dir='ltr'><strong>vinculis,</strong></span> <span class='ocrx_word' id='word_1_73' title='bbox 1249 581 1368 626; x_wconf 88' lang='lat' dir='ltr'><strong>quibus</strong></span> <span class='ocrx_word' id='word_1_74' title='bbox 1392 593 1466 614; x_wconf 87' lang='lat' dir='ltr'><strong>eum</strong></span> <span class='ocrx_word' id='word_1_75' title='bbox 1496 583 1647 616; x_wconf 81' lang='lat' dir='ltr'><strong>libertatis</strong></span> <span class='ocrx_word' id='word_1_76' title='bbox 1677 589 1791 631; x_wconf 76' lang='lat' dir='ltr'><strong>specie¹</strong></span> 
     </span>
     <span class='ocr_line' id='line_1_9' title="bbox 312 640 1796 686; baseline -0.001 -10"><span class='ocrx_word' id='word_1_77' title='bbox 312 645 502 677; x_wconf 77' lang='lat' dir='ltr'><strong>constrinxit</strong></span> <span class='ocrx_word' id='word_1_78' title='bbox 533 643 766 675; x_wconf 81' lang='lat' dir='ltr'><strong>nonnullorum</strong></span> <span class='ocrx_word' id='word_1_79' title='bbox 796 643 847 675; x_wconf 88' lang='lat' dir='ltr'><strong>vel</strong></span> <span class='ocrx_word' id='word_1_80' title='bbox 878 643 991 675; x_wconf 87' lang='lat' dir='ltr'><strong>inertia</strong></span> <span class='ocrx_word' id='word_1_81' title='bbox 1014 641 1064 673; x_wconf 87' lang='lat' dir='ltr'><strong>vel</strong></span> <span class='ocrx_word' id='word_1_82' title='bbox 1089 640 1246 685; x_wconf 87' lang='lat' dir='ltr'><strong>superbia.</strong></span> <span class='ocrx_word' id='word_1_83' title='bbox 1301 640 1367 670; x_wconf 85' lang='lat' dir='ltr'><strong>Er&#39;rt</strong></span> <span class='ocrx_word' id='word_1_84' title='bbox 1393 647 1500 672; x_wconf 78' lang='lat' dir='ltr'><strong>antem</strong></span> <span class='ocrx_word' id='word_1_85' title='bbox 1526 651 1596 673; x_wconf 79' lang='lat' dir='ltr'><strong>non</strong></span> <span class='ocrx_word' id='word_1_86' title='bbox 1619 645 1796 686; x_wconf 70' lang='lat' dir='ltr'><strong>operarius&gt;</strong></span> 
     </span>
     <span class='ocr_line' id='line_1_10' title="bbox 309 697 1793 746; baseline 0.001 -14"><span class='ocrx_word' id='word_1_87' title='bbox 309 708 365 733; x_wconf 80' lang='lat' dir='ltr'><strong>aut</strong></span> <span class='ocrx_word' id='word_1_88' title='bbox 393 700 519 744; x_wconf 88' lang='lat' dir='ltr'><strong>bajulus</strong></span> <span class='ocrx_word' id='word_1_89' title='bbox 544 700 694 744; x_wconf 87' lang='lat' dir='ltr'><strong>quidam,</strong></span> <span class='ocrx_word' id='word_1_90' title='bbox 719 700 774 732; x_wconf 88' lang='lat' dir='ltr'><strong>sed</strong></span> <span class='ocrx_word' id='word_1_91' title='bbox 802 707 900 732; x_wconf 87' lang='lat' dir='ltr'><strong>stator</strong></span> <span class='ocrx_word' id='word_1_92' title='bbox 929 699 1146 732; x_wconf 82' lang='lat' dir='ltr'><strong>nobilissimae</strong></span> <span class='ocrx_word' id='word_1_93' title='bbox 1171 697 1366 740; x_wconf 78' lang='lat' dir='ltr'><strong>discipliuae.</strong></span> <span class='ocrx_word' id='word_1_94' title='bbox 1412 699 1493 729; x_wconf 87' lang='lat' dir='ltr'><strong>Nam</strong></span> <span class='ocrx_word' id='word_1_95' title='bbox 1519 698 1581 730; x_wconf 85' lang='lat' dir='ltr'><strong>hoo</strong></span> <span class='ocrx_word' id='word_1_96' title='bbox 1605 711 1689 733; x_wconf 87' lang='lat' dir='ltr'><strong>onus</strong></span> <span class='ocrx_word' id='word_1_97' title='bbox 1709 703 1793 746; x_wconf 69' lang='lat' dir='ltr'><strong>jure—&#39;¹</strong></span> 
     </span>
     <span class='ocr_line' id='line_1_11' title="bbox 310 754 1795 802; baseline -0.001 -13"><span class='ocrx_word' id='word_1_98' title='bbox 310 757 452 802; x_wconf 89' lang='lat' dir='ltr'><strong>quodam</strong></span> <span class='ocrx_word' id='word_1_99' title='bbox 475 758 691 789; x_wconf 80' lang='lat' dir='ltr'><strong>Grammatico</strong></span> <span class='ocrx_word' id='word_1_100' title='bbox 726 758 914 800; x_wconf 83' lang='lat' dir='ltr'><strong>imposuisse</strong></span> <span class='ocrx_word' id='word_1_101' title='bbox 947 756 1080 795; x_wconf 74' lang='lat' dir='ltr'><strong>videor,</strong></span> <span class='ocrx_word' id='word_1_102' title='bbox 1113 762 1166 795; x_wconf 84' lang='lat' dir='ltr'><strong>ut,</strong></span> <span class='ocrx_word' id='word_1_103' title='bbox 1201 754 1444 797; x_wconf 67' lang='lat' dir='ltr'><strong>diligentissime</strong></span> <span class='ocrx_word' id='word_1_104' title='bbox 1479 757 1682 789; x_wconf 74' lang='lat' dir='ltr'>excutiendis</span> <span class='ocrx_word' id='word_1_105' title='bbox 1708 768 1795 802; x_wconf 58' lang='lat' dir='ltr'><strong>pera-</strong></span> 
     </span>
     <span class='ocr_line' id='line_1_12' title="bbox 310 812 1810 860; baseline 0.001 -13"><span class='ocrx_word' id='word_1_106' title='bbox 310 814 548 857; x_wconf 73' lang='lat' dir='ltr'><strong>tractandisque</strong></span> <span class='ocrx_word' id='word_1_107' title='bbox 571 815 792 846; x_wconf 76' lang='lat' dir='ltr'><strong>vetustissimis</strong></span> <span class='ocrx_word' id='word_1_108' title='bbox 818 814 981 859; x_wconf 71' lang='lat' dir='ltr'><strong>literarum</strong></span> <span class='ocrx_word' id='word_1_109' title='bbox 1011 812 1156 856; x_wconf 91' lang='lat' dir='ltr'><strong>reliquiis</strong></span> <span class='ocrx_word' id='word_1_110' title='bbox 1185 823 1220 843; x_wconf 90' lang='lat' dir='ltr'><strong>ac</strong></span> <span class='ocrx_word' id='word_1_111' title='bbox 1245 813 1483 851; x_wconf 78' lang='lat' dir='ltr'><strong>monumentis,</strong></span> <span class='ocrx_word' id='word_1_112' title='bbox 1512 812 1651 855; x_wconf 80' lang='lat' dir='ltr'><strong>proferat</strong></span> <span class='ocrx_word' id='word_1_113' title='bbox 1683 824 1810 860; x_wconf 48' lang='lat' dir='ltr'><strong>quam*&gt;</strong></span> 
     </span>
     <span class='ocr_line' id='line_1_13' title="bbox 311 869 1797 914; baseline 0.003 -13"><span class='ocrx_word' id='word_1_114' title='bbox 311 870 462 902; x_wconf 79' lang='lat' dir='ltr'><strong>latissime</strong></span> <span class='ocrx_word' id='word_1_115' title='bbox 491 869 719 914; x_wconf 78' lang='lat' dir='ltr'><strong>intelligentiae</strong></span> <span class='ocrx_word' id='word_1_116' title='bbox 750 871 839 904; x_wconf 85' lang='lat' dir='ltr'><strong>fines.</strong></span> <span class='ocrx_word' id='word_1_117' title='bbox 891 873 1039 913; x_wconf 89' lang='lat' dir='ltr'><strong>Quorum</strong></span> <span class='ocrx_word' id='word_1_118' title='bbox 1072 875 1361 902; x_wconf 78' lang='lat' dir='ltr'><strong>monumentorum</strong></span> <span class='ocrx_word' id='word_1_119' title='bbox 1390 869 1418 899; x_wconf 80' lang='lat' dir='ltr'><strong>si</strong></span> <span class='ocrx_word' id='word_1_120' title='bbox 1452 869 1567 912; x_wconf 82' lang='lat' dir='ltr'><strong>partim</strong></span> <span class='ocrx_word' id='word_1_121' title='bbox 1595 881 1797 907; x_wconf 68' lang='lat' dir='ltr'><strong>mancorum·</strong></span> 
     </span>
     <span class='ocr_line' id='line_1_14' title="bbox 313 914 1795 971; baseline 0.003 -12"><span class='ocrx_word' id='word_1_122' title='bbox 313 931 350 959; x_wconf 64' lang='lat' dir='ltr'><strong>et⁴</strong></span> <span class='ocrx_word' id='word_1_123' title='bbox 367 914 614 970; x_wconf 72' lang='lat' dir='ltr'><strong>corruptorum,</strong></span> <span class='ocrx_word' id='word_1_124' title='bbox 630 928 746 971; x_wconf 90' lang='lat' dir='ltr'><strong>partim</strong></span> <span class='ocrx_word' id='word_1_125' title='bbox 768 929 877 960; x_wconf 87' lang='lat' dir='ltr'><strong>minus</strong></span> <span class='ocrx_word' id='word_1_126' title='bbox 905 927 1155 965; x_wconf 83' lang='lat' dir='ltr'><strong>intellectorum,</strong></span> <span class='ocrx_word' id='word_1_127' title='bbox 1183 933 1308 958; x_wconf 89' lang='lat' dir='ltr'><strong>tantum</strong></span> <span class='ocrx_word' id='word_1_128' title='bbox 1332 925 1427 957; x_wconf 84' lang='lat' dir='ltr'><strong>fuerit</strong></span> <span class='ocrx_word' id='word_1_129' title='bbox 1452 925 1492 957; x_wconf 89' lang='lat' dir='ltr'><strong>ab</strong></span> <span class='ocrx_word' id='word_1_130' title='bbox 1514 928 1604 958; x_wconf 89' lang='lat' dir='ltr'><strong>omni</strong></span> <span class='ocrx_word' id='word_1_131' title='bbox 1630 931 1795 963; x_wconf 63' lang='lat' dir='ltr'><strong>memtiria¹</strong></span> 
     </span>
     <span class='ocr_line' id='line_1_15' title="bbox 311 978 1796 1028; baseline 0.003 -14"><span class='ocrx_word' id='word_1_132' title='bbox 311 978 514 1015; x_wconf 78' lang='lat' dir='ltr'><strong>momentum</strong></span> <span class='ocrx_word' id='word_1_133' title='bbox 546 983 586 1015; x_wconf 85' lang='lat' dir='ltr'><strong>ad</strong></span> <span class='ocrx_word' id='word_1_134' title='bbox 620 984 740 1016; x_wconf 79' lang='lat' dir='ltr'><strong>similes</strong></span> <span class='ocrx_word' id='word_1_135' title='bbox 771 986 893 1028; x_wconf 86' lang='lat' dir='ltr'><strong>ingenii</strong></span> <span class='ocrx_word' id='word_1_136' title='bbox 926 985 1066 1027; x_wconf 86' lang='lat' dir='ltr'><strong>artisque</strong></span> <span class='ocrx_word' id='word_1_137' title='bbox 1090 983 1194 1015; x_wconf 82' lang='lat' dir='ltr'><strong>foetus</strong></span> <span class='ocrx_word' id='word_1_138' title='bbox 1224 982 1414 1021; x_wconf 75' lang='lat' dir='ltr'><strong>eliciendos,</strong></span> <span class='ocrx_word' id='word_1_139' title='bbox 1443 984 1674 1026; x_wconf 51' lang='lat' dir='ltr'><strong>procreando&amp;</strong></span> <span class='ocrx_word' id='word_1_140' title='bbox 1695 985 1796 1019; x_wconf 51' lang='lat' dir='ltr'><strong>aleno</strong></span> 
     </span>
     <span class='ocr_line' id='line_1_16' title="bbox 312 1038 1799 1086; baseline 0.001 -16"><span class='ocrx_word' id='word_1_141' title='bbox 312 1038 391 1080; x_wconf 79' lang='lat' dir='ltr'><strong>dos,</strong></span> <span class='ocrx_word' id='word_1_142' title='bbox 413 1039 454 1070; x_wconf 85' lang='lat' dir='ltr'><strong>ad</strong></span> <span class='ocrx_word' id='word_1_143' title='bbox 470 1041 618 1083; x_wconf 85' lang='lat' dir='ltr'><strong>quamvis</strong></span> <span class='ocrx_word' id='word_1_144' title='bbox 641 1041 769 1072; x_wconf 81' lang='lat' dir='ltr'><strong>virtutis</strong></span> <span class='ocrx_word' id='word_1_145' title='bbox 789 1041 1041 1084; x_wconf 78' lang='lat' dir='ltr'><strong>prudentiaeque</strong></span> <span class='ocrx_word' id='word_1_146' title='bbox 1059 1040 1186 1071; x_wconf 91' lang='lat' dir='ltr'><strong>laudem</strong></span> <span class='ocrx_word' id='word_1_147' title='bbox 1203 1039 1368 1071; x_wconf 83' lang='lat' dir='ltr'><strong>ornandos</strong></span> <span class='ocrx_word' id='word_1_148' title='bbox 1388 1045 1420 1070; x_wconf 91' lang='lat' dir='ltr'><strong>et</strong></span> <span class='ocrx_word' id='word_1_149' title='bbox 1444 1040 1650 1072; x_wconf 81' lang='lat' dir='ltr'><strong>instruendos</strong></span> <span class='ocrx_word' id='word_1_150' title='bbox 1658 1047 1799 1086; x_wconf 67' lang='lat' dir='ltr'><strong>‚qvano</strong></span> 
     </span>
     <span class='ocr_line' id='line_1_17' title="bbox 311 1095 1798 1141; baseline 0.001 -13"><span class='ocrx_word' id='word_1_151' title='bbox 311 1101 381 1128; x_wconf 77' lang='lat' dir='ltr'><strong>tum</strong></span> <span class='ocrx_word' id='word_1_152' title='bbox 404 1107 444 1128; x_wconf 87' lang='lat' dir='ltr'><strong>ex</strong></span> <span class='ocrx_word' id='word_1_153' title='bbox 469 1096 581 1128; x_wconf 86' lang='lat' dir='ltr'><strong>eadem</strong></span> <span class='ocrx_word' id='word_1_154' title='bbox 605 1095 774 1141; x_wconf 86' lang='lat' dir='ltr'><strong>disciplina</strong></span> <span class='ocrx_word' id='word_1_155' title='bbox 803 1097 904 1140; x_wconf 85' lang='lat' dir='ltr'><strong>magis</strong></span> <span class='ocrx_word' id='word_1_156' title='bbox 938 1097 1103 1140; x_wconf 84' lang='lat' dir='ltr'><strong>magisque</strong></span> <span class='ocrx_word' id='word_1_157' title='bbox 1138 1095 1305 1141; x_wconf 84' lang='lat' dir='ltr'><strong>explicita,</strong></span> <span class='ocrx_word' id='word_1_158' title='bbox 1334 1102 1469 1140; x_wconf 87' lang='lat' dir='ltr'><strong>purgata</strong></span> <span class='ocrx_word' id='word_1_159' title='bbox 1485 1120 1494 1135; x_wconf 91' lang='lat'><em>‚</em></span> <span class='ocrx_word' id='word_1_160' title='bbox 1525 1095 1734 1141; x_wconf 74' lang='lat' dir='ltr'><strong>locupletata,</strong></span> <span class='ocrx_word' id='word_1_161' title='bbox 1745 1103 1798 1134; x_wconf 62' lang='lat' dir='ltr'><strong>&#39;et&#39;</strong></span> 
     </span>
     <span class='ocr_line' id='line_1_18' title="bbox 313 1152 1792 1198; baseline 0.003 -14"><span class='ocrx_word' id='word_1_162' title='bbox 313 1158 472 1196; x_wconf 87' lang='lat' dir='ltr'><strong>quantum</strong></span> <span class='ocrx_word' id='word_1_163' title='bbox 497 1152 567 1184; x_wconf 88' lang='lat' dir='ltr'><strong>fieri</strong></span> <span class='ocrx_word' id='word_1_164' title='bbox 595 1160 700 1197; x_wconf 82' lang='lat' dir='ltr'><strong>potest</strong></span> <span class='ocrx_word' id='word_1_165' title='bbox 725 1153 765 1185; x_wconf 89' lang='lat' dir='ltr'><strong>ad</strong></span> <span class='ocrx_word' id='word_1_166' title='bbox 791 1154 965 1197; x_wconf 87' lang='lat' dir='ltr'><strong>pristinum</strong></span> <span class='ocrx_word' id='word_1_167' title='bbox 991 1152 1134 1185; x_wconf 88' lang='lat' dir='ltr'><strong>nitorem</strong></span> <span class='ocrx_word' id='word_1_168' title='bbox 1153 1159 1185 1185; x_wconf 90' lang='lat' dir='ltr'><strong>et</strong></span> <span class='ocrx_word' id='word_1_169' title='bbox 1210 1153 1425 1196; x_wconf 84' lang='lat' dir='ltr'><strong>integritatem</strong></span> <span class='ocrx_word' id='word_1_170' title='bbox 1454 1153 1602 1193; x_wconf 86' lang='lat' dir='ltr'><strong>reducta,</strong></span> <span class='ocrx_word' id='word_1_171' title='bbox 1625 1162 1792 1198; x_wconf 82' lang='lat' dir='ltr'><strong>quantum</strong></span> 
     </span>
     <span class='ocr_line' id='line_1_19' title="bbox 313 1208 1798 1254; baseline 0.004 -14"><span class='ocrx_word' id='word_1_172' title='bbox 313 1208 389 1241; x_wconf 86' lang='lat' dir='ltr'><strong>inde</strong></span> <span class='ocrx_word' id='word_1_173' title='bbox 415 1210 449 1241; x_wconf 88' lang='lat' dir='ltr'><strong>in</strong></span> <span class='ocrx_word' id='word_1_174' title='bbox 480 1220 610 1242; x_wconf 88' lang='lat' dir='ltr'><strong>omnem</strong></span> <span class='ocrx_word' id='word_1_175' title='bbox 646 1210 816 1242; x_wconf 82' lang='lat' dir='ltr'><strong>hominum</strong></span> <span class='ocrx_word' id='word_1_176' title='bbox 843 1213 960 1248; x_wconf 82' lang='lat' dir='ltr'><strong>vitam,</strong></span> <span class='ocrx_word' id='word_1_177' title='bbox 991 1221 1073 1254; x_wconf 89' lang='lat' dir='ltr'><strong>quae</strong></span> <span class='ocrx_word' id='word_1_178' title='bbox 1104 1209 1245 1253; x_wconf 86' lang='lat' dir='ltr'><strong>quidem</strong></span> <span class='ocrx_word' id='word_1_179' title='bbox 1269 1209 1367 1240; x_wconf 77' lang='lat' dir='ltr'><strong>literis</strong></span> <span class='ocrx_word' id='word_1_180' title='bbox 1401 1216 1433 1241; x_wconf 87' lang='lat' dir='ltr'><strong>et</strong></span> <span class='ocrx_word' id='word_1_181' title='bbox 1460 1209 1630 1243; x_wconf 84' lang='lat' dir='ltr'><strong>doctrinae</strong></span> <span class='ocrx_word' id='word_1_182' title='bbox 1671 1208 1798 1248; x_wconf 54' lang='lat' dir='ltr'><strong>studit&amp;</strong></span> 
     </span>
     <span class='ocr_line' id='line_1_20' title="bbox 314 1265 1392 1311; baseline -0.002 -12"><span class='ocrx_word' id='word_1_183' title='bbox 314 1267 537 1305; x_wconf 78' lang='lat' dir='ltr'><strong>contineatur,</strong></span> <span class='ocrx_word' id='word_1_184' title='bbox 559 1266 769 1299; x_wconf 85' lang='lat' dir='ltr'><strong>emolumenti</strong></span> <span class='ocrx_word' id='word_1_185' title='bbox 792 1274 823 1298; x_wconf 89' lang='lat' dir='ltr'><strong>et</strong></span> <span class='ocrx_word' id='word_1_186' title='bbox 849 1267 1030 1299; x_wconf 83' lang='lat' dir='ltr'><strong>ornamenti</strong></span> <span class='ocrx_word' id='word_1_187' title='bbox 1053 1266 1303 1311; x_wconf 82' lang='lat' dir='ltr'><strong>exspectandum</strong></span> <span class='ocrx_word' id='word_1_188' title='bbox 1324 1265 1392 1298; x_wconf 90' lang='lat' dir='ltr'><strong>est!</strong></span> 
     </span>
     <span class='ocr_line' id='line_1_21' title="bbox 328 1318 1801 1369; baseline 0.003 -15"><span class='ocrx_word' id='word_1_189' title='bbox 328 1321 333 1326; x_wconf 82' lang='lat'><em>&#39;</em></span> <span class='ocrx_word' id='word_1_190' title='bbox 377 1322 485 1354; x_wconf 86' lang='lat' dir='ltr'><strong>Talem</strong></span> <span class='ocrx_word' id='word_1_191' title='bbox 507 1318 597 1366; x_wconf 82' lang='lat' dir='ltr'><strong>spem</strong></span> <span class='ocrx_word' id='word_1_192' title='bbox 620 1323 647 1354; x_wconf 83' lang='lat' dir='ltr'><strong>si</strong></span> <span class='ocrx_word' id='word_1_193' title='bbox 678 1324 712 1355; x_wconf 89' lang='lat' dir='ltr'><strong>in</strong></span> <span class='ocrx_word' id='word_1_194' title='bbox 741 1325 961 1357; x_wconf 84' lang='lat' dir='ltr'><strong>Grammatico</strong></span> <span class='ocrx_word' id='word_1_195' title='bbox 982 1325 1118 1369; x_wconf 87' lang='lat' dir='ltr'><strong>positam</strong></span> <span class='ocrx_word' id='word_1_196' title='bbox 1147 1324 1277 1360; x_wconf 84' lang='lat' dir='ltr'><strong>dixero,</strong></span> <span class='ocrx_word' id='word_1_197' title='bbox 1301 1329 1339 1354; x_wconf 90' lang='lat' dir='ltr'><strong>et</strong></span> <span class='ocrx_word' id='word_1_198' title='bbox 1355 1327 1535 1354; x_wconf 83' lang='lat' dir='ltr'><strong>tantarum</strong></span> <span class='ocrx_word' id='word_1_199' title='bbox 1541 1334 1650 1356; x_wconf 86' lang='lat' dir='ltr'><strong>rerum</strong></span> <span class='ocrx_word' id='word_1_200' title='bbox 1676 1332 1801 1363; x_wconf 54' lang='lat' dir='ltr'><strong>curans.</strong></span> 
     </span>
     <span class='ocr_line' id='line_1_22' title="bbox 314 1378 1799 1424; baseline 0.004 -14"><span class='ocrx_word' id='word_1_201' title='bbox 314 1384 345 1411; x_wconf 82' lang='lat' dir='ltr'><strong>et</strong></span> <span class='ocrx_word' id='word_1_202' title='bbox 363 1378 540 1411; x_wconf 84' lang='lat' dir='ltr'><strong>custodiam</strong></span> <span class='ocrx_word' id='word_1_203' title='bbox 567 1381 597 1412; x_wconf 91' lang='lat' dir='ltr'><strong>ei</strong></span> <span class='ocrx_word' id='word_1_204' title='bbox 617 1379 791 1421; x_wconf 84' lang='lat' dir='ltr'><strong>tradidero,</strong></span> <span class='ocrx_word' id='word_1_205' title='bbox 816 1382 891 1413; x_wconf 83' lang='lat' dir='ltr'><strong>satis</strong></span> <span class='ocrx_word' id='word_1_206' title='bbox 915 1383 975 1414; x_wconf 89' lang='lat' dir='ltr'><strong>erit</strong></span> <span class='ocrx_word' id='word_1_207' title='bbox 996 1381 1079 1421; x_wconf 89' lang='lat' dir='ltr'><strong>hoc,</strong></span> <span class='ocrx_word' id='word_1_208' title='bbox 1103 1381 1218 1420; x_wconf 76' lang='lat' dir='ltr'><strong>credo,</strong></span> <span class='ocrx_word' id='word_1_209' title='bbox 1250 1379 1290 1412; x_wconf 86' lang='lat' dir='ltr'><strong>ad</strong></span> <span class='ocrx_word' id='word_1_210' title='bbox 1318 1380 1535 1412; x_wconf 73' lang='lat' dir='ltr'><strong>excitandum</strong></span> <span class='ocrx_word' id='word_1_211' title='bbox 1544 1389 1643 1424; x_wconf 78' lang='lat' dir='ltr'><strong>eum,</strong></span> <span class='ocrx_word' id='word_1_212' title='bbox 1659 1383 1799 1416; x_wconf 66' lang='lat' dir='ltr'><strong>nullm</strong></span> 
     </span>
     <span class='ocr_line' id='line_1_23' title="bbox 314 1435 1801 1482; baseline 0.005 -16"><span class='ocrx_word' id='word_1_213' title='bbox 314 1442 359 1467; x_wconf 77' lang='lat' dir='ltr'><strong>nt·</strong></span> <span class='ocrx_word' id='word_1_214' title='bbox 373 1435 489 1467; x_wconf 75' lang='lat' dir='ltr'><strong>laboris</strong></span> <span class='ocrx_word' id='word_1_215' title='bbox 507 1436 684 1469; x_wconf 77' lang='lat' dir='ltr'><strong>molestiam</strong></span> <span class='ocrx_word' id='word_1_216' title='bbox 705 1445 844 1478; x_wconf 88' lang='lat' dir='ltr'><strong>recuset,</strong></span> <span class='ocrx_word' id='word_1_217' title='bbox 863 1438 918 1471; x_wconf 89' lang='lat' dir='ltr'><strong>sed</strong></span> <span class='ocrx_word' id='word_1_218' title='bbox 936 1439 1031 1471; x_wconf 84' lang='lat' dir='ltr'><strong>alacri</strong></span> <span class='ocrx_word' id='word_1_219' title='bbox 1048 1439 1157 1470; x_wconf 88' lang='lat' dir='ltr'><strong>animo</strong></span> <span class='ocrx_word' id='word_1_220' title='bbox 1183 1438 1344 1482; x_wconf 84' lang='lat' dir='ltr'><strong>suscipiat.</strong></span> <span class='ocrx_word' id='word_1_221' title='bbox 1387 1438 1546 1480; x_wconf 83' lang='lat' dir='ltr'><strong>&#39;Magnum</strong></span> <span class='ocrx_word' id='word_1_222' title='bbox 1568 1448 1651 1478; x_wconf 83' lang='lat' dir='ltr'><strong>esse,</strong></span> <span class='ocrx_word' id='word_1_223' title='bbox 1673 1442 1801 1480; x_wconf 64' lang='lat' dir='ltr'><strong>A.A.³,2</strong></span> 
     </span>
     <span class='ocr_line' id='line_1_24' title="bbox 315 1487 1800 1540; baseline 0.003 -16"><span class='ocrx_word' id='word_1_224' title='bbox 315 1487 403 1538; x_wconf 80' lang='lat' dir='ltr'><strong>qnod</strong></span> <span class='ocrx_word' id='word_1_225' title='bbox 438 1494 512 1525; x_wconf 90' lang='lat' dir='ltr'><strong>volo</strong></span> <span class='ocrx_word' id='word_1_226' title='bbox 542 1502 573 1527; x_wconf 91' lang='lat' dir='ltr'><strong>et</strong></span> <span class='ocrx_word' id='word_1_227' title='bbox 606 1503 775 1539; x_wconf 80' lang='lat' dir='ltr'><strong>exspecto,</strong></span> <span class='ocrx_word' id='word_1_228' title='bbox 804 1507 840 1528; x_wconf 83' lang='lat' dir='ltr'><strong>ac</strong></span> <span class='ocrx_word' id='word_1_229' title='bbox 868 1495 1099 1540; x_wconf 84' lang='lat' dir='ltr'><strong>magnificum,</strong></span> <span class='ocrx_word' id='word_1_230' title='bbox 1131 1506 1200 1527; x_wconf 84' lang='lat' dir='ltr'><strong>non</strong></span> <span class='ocrx_word' id='word_1_231' title='bbox 1223 1494 1336 1526; x_wconf 87' lang='lat' dir='ltr'><strong>dubito</strong></span> <span class='ocrx_word' id='word_1_232' title='bbox 1372 1495 1451 1536; x_wconf 80' lang='lat' dir='ltr'><strong>quin</strong></span> <span class='ocrx_word' id='word_1_233' title='bbox 1484 1505 1611 1526; x_wconf 81' lang='lat' dir='ltr'><strong>meeum</strong></span> <span class='ocrx_word' id='word_1_234' title='bbox 1632 1496 1800 1537; x_wconf 52' lang='lat' dir='ltr'><strong>sentiantur</strong></span> 
     </span>
     <span class='ocr_line' id='line_1_25' title="bbox 316 1550 1802 1597; baseline 0.003 -16"><span class='ocrx_word' id='word_1_235' title='bbox 316 1552 376 1582; x_wconf 80' lang='lat' dir='ltr'><strong>nec</strong></span> <span class='ocrx_word' id='word_1_236' title='bbox 408 1557 513 1582; x_wconf 89' lang='lat' dir='ltr'><strong>tamen</strong></span> <span class='ocrx_word' id='word_1_237' title='bbox 549 1552 734 1593; x_wconf 83' lang='lat' dir='ltr'><strong>ejusmodi,</strong></span> <span class='ocrx_word' id='word_1_238' title='bbox 762 1553 851 1597; x_wconf 92' lang='lat' dir='ltr'><strong>quod</strong></span> <span class='ocrx_word' id='word_1_239' title='bbox 880 1554 1049 1585; x_wconf 84' lang='lat' dir='ltr'><strong>hominum</strong></span> <span class='ocrx_word' id='word_1_240' title='bbox 1079 1557 1213 1584; x_wconf 74' lang='lat' dir='ltr'><strong>conatus</strong></span> <span class='ocrx_word' id='word_1_241' title='bbox 1247 1557 1304 1582; x_wconf 77' lang='lat' dir='ltr'><strong>aut</strong></span> <span class='ocrx_word' id='word_1_242' title='bbox 1335 1561 1424 1595; x_wconf 90' lang='lat' dir='ltr'><strong>spem</strong></span> <span class='ocrx_word' id='word_1_243' title='bbox 1455 1550 1550 1594; x_wconf 86' lang='lat' dir='ltr'><strong>longe</strong></span> <span class='ocrx_word' id='word_1_244' title='bbox 1583 1551 1802 1597; x_wconf 54' lang='lat' dir='ltr'><strong>multumqu&amp;</strong></span> 
     </span>
     <span class='ocr_line' id='line_1_26' title="bbox 316 1607 1802 1654; baseline 0.005 -17"><span class='ocrx_word' id='word_1_245' title='bbox 316 1613 451 1649; x_wconf 82' lang='lat' dir='ltr'><strong>superet.</strong></span> <span class='ocrx_word' id='word_1_246' title='bbox 497 1607 688 1650; x_wconf 86' lang='lat' dir='ltr'><strong>Cujusmodi</strong></span> <span class='ocrx_word' id='word_1_247' title='bbox 711 1610 894 1652; x_wconf 83' lang='lat' dir='ltr'><strong>suspicione</strong></span> <span class='ocrx_word' id='word_1_248' title='bbox 914 1610 942 1641; x_wconf 80' lang='lat' dir='ltr'><strong>si</strong></span> <span class='ocrx_word' id='word_1_249' title='bbox 968 1611 1042 1654; x_wconf 86' lang='lat' dir='ltr'><strong>quis</strong></span> <span class='ocrx_word' id='word_1_250' title='bbox 1065 1609 1143 1642; x_wconf 83' lang='lat' dir='ltr'><strong>alios</strong></span> <span class='ocrx_word' id='word_1_251' title='bbox 1169 1609 1329 1641; x_wconf 84' lang='lat' dir='ltr'><strong>retardare</strong></span> <span class='ocrx_word' id='word_1_252' title='bbox 1365 1609 1416 1641; x_wconf 82' lang='lat' dir='ltr'><strong>vel</strong></span> <span class='ocrx_word' id='word_1_253' title='bbox 1444 1610 1540 1641; x_wconf 85' lang='lat' dir='ltr'><strong>etiam</strong></span> <span class='ocrx_word' id='word_1_254' title='bbox 1571 1621 1733 1644; x_wconf 83' lang='lat' dir='ltr'><strong>revocare&#39;</strong></span> <span class='ocrx_word' id='word_1_255' title='bbox 1748 1611 1802 1644; x_wconf 37' lang='lat' dir='ltr'><strong>abq</strong></span> 
     </span>
     <span class='ocr_line' id='line_1_27' title="bbox 318 1662 1799 1712; baseline 0.005 -19"><span class='ocrx_word' id='word_1_256' title='bbox 318 1662 446 1706; x_wconf 77' lang='lat' dir='ltr'><strong>incepto</strong></span> <span class='ocrx_word' id='word_1_257' title='bbox 470 1671 618 1707; x_wconf 83' lang='lat' dir='ltr'><strong>cuperet,</strong></span> <span class='ocrx_word' id='word_1_258' title='bbox 643 1666 791 1708; x_wconf 86' lang='lat' dir='ltr'><strong>quamvis</strong></span> <span class='ocrx_word' id='word_1_259' title='bbox 819 1667 924 1698; x_wconf 79' lang='lat' dir='ltr'><strong>inanis</strong></span> <span class='ocrx_word' id='word_1_260' title='bbox 953 1667 1024 1710; x_wconf 86' lang='lat' dir='ltr'><strong>ejus</strong></span> <span class='ocrx_word' id='word_1_261' title='bbox 1041 1666 1147 1698; x_wconf 87' lang='lat' dir='ltr'><strong>futura</strong></span> <span class='ocrx_word' id='word_1_262' title='bbox 1168 1673 1248 1698; x_wconf 87' lang='lat' dir='ltr'><strong>esset</strong></span> <span class='ocrx_word' id='word_1_263' title='bbox 1274 1667 1439 1698; x_wconf 87' lang='lat' dir='ltr'><strong>contentio</strong></span> <span class='ocrx_word' id='word_1_264' title='bbox 1473 1669 1507 1698; x_wconf 89' lang='lat' dir='ltr'><strong>in</strong></span> <span class='ocrx_word' id='word_1_265' title='bbox 1544 1666 1666 1699; x_wconf 89' lang='lat' dir='ltr'><strong>liberali</strong></span> <span class='ocrx_word' id='word_1_266' title='bbox 1700 1669 1799 1712; x_wconf 61' lang='lat' dir='ltr'><strong>inge-⁴⁴</strong></span> 
     </span>
     <span class='ocr_line' id='line_1_28' title="bbox 319 1719 1790 1767; baseline 0.005 -17"><span class='ocrx_word' id='word_1_267' title='bbox 319 1719 393 1757; x_wconf 85' lang='lat' dir='ltr'><strong>nio,</strong></span> <span class='ocrx_word' id='word_1_268' title='bbox 416 1719 470 1750; x_wconf 88' lang='lat' dir='ltr'><strong>sed</strong></span> <span class='ocrx_word' id='word_1_269' title='bbox 495 1732 522 1752; x_wconf 83' lang='lat' dir='ltr'><strong>si</strong></span> <span class='ocrx_word' id='word_1_270' title='bbox 547 1720 659 1759; x_wconf 86' lang='lat' dir='ltr'><strong>veliet,</strong></span> <span class='ocrx_word' id='word_1_271' title='bbox 689 1721 777 1754; x_wconf 87' lang='lat' dir='ltr'><strong>hunc</strong></span> <span class='ocrx_word' id='word_1_272' title='bbox 804 1721 949 1754; x_wconf 84' lang='lat' dir='ltr'><strong>fraenum</strong></span> <span class='ocrx_word' id='word_1_273' title='bbox 979 1723 1110 1766; x_wconf 84' lang='lat' dir='ltr'><strong>injicere</strong></span> <span class='ocrx_word' id='word_1_274' title='bbox 1141 1730 1273 1754; x_wconf 89' lang='lat' dir='ltr'><strong>naturae</strong></span> <span class='ocrx_word' id='word_1_275' title='bbox 1303 1723 1496 1760; x_wconf 83' lang='lat' dir='ltr'><strong>existimate,</strong></span> <span class='ocrx_word' id='word_1_276' title='bbox 1533 1730 1630 1767; x_wconf 89' lang='lat' dir='ltr'><strong>atque</strong></span> <span class='ocrx_word' id='word_1_277' title='bbox 1654 1725 1790 1758; x_wconf 82' lang='lat' dir='ltr'><strong>immani</strong></span> 
     </span>
     <span class='ocr_line' id='line_1_29' title="bbox 320 1774 1790 1824; baseline 0.004 -17"><span class='ocrx_word' id='word_1_278' title='bbox 320 1774 435 1808; x_wconf 72' lang='lat' dir='ltr'><strong>scelere</strong></span> <span class='ocrx_word' id='word_1_279' title='bbox 459 1778 558 1821; x_wconf 87' lang='lat' dir='ltr'><strong>ipsius</strong></span> <span class='ocrx_word' id='word_1_280' title='bbox 580 1779 639 1810; x_wconf 87' lang='lat' dir='ltr'><strong>Dei</strong></span> <span class='ocrx_word' id='word_1_281' title='bbox 663 1779 795 1811; x_wconf 88' lang='lat' dir='ltr'><strong>consilia</strong></span> <span class='ocrx_word' id='word_1_282' title='bbox 823 1780 1024 1824; x_wconf 81' lang='lat' dir='ltr'><strong>impugnare.</strong></span> <span class='ocrx_word' id='word_1_283' title='bbox 1071 1780 1128 1812; x_wconf 84' lang='lat' dir='ltr'><strong>ltle</strong></span> <span class='ocrx_word' id='word_1_284' title='bbox 1160 1787 1285 1817; x_wconf 84' lang='lat' dir='ltr'><strong>noster,</strong></span> <span class='ocrx_word' id='word_1_285' title='bbox 1318 1790 1414 1822; x_wconf 87' lang='lat' dir='ltr'><strong>quem</strong></span> <span class='ocrx_word' id='word_1_286' title='bbox 1440 1779 1564 1811; x_wconf 82' lang='lat' dir='ltr'><strong>dudum</strong></span> <span class='ocrx_word' id='word_1_287' title='bbox 1592 1780 1790 1824; x_wconf 79' lang='lat' dir='ltr'><strong>significavi,</strong></span> 
     </span>
     <span class='ocr_line' id='line_1_30' title="bbox 321 1833 1799 1880; baseline 0.005 -17"><span class='ocrx_word' id='word_1_288' title='bbox 321 1833 349 1864; x_wconf 75' lang='lat' dir='ltr'><strong>si</strong></span> <span class='ocrx_word' id='word_1_289' title='bbox 378 1839 426 1864; x_wconf 89' lang='lat' dir='ltr'><strong>est</strong></span> <span class='ocrx_word' id='word_1_290' title='bbox 451 1834 501 1865; x_wconf 86' lang='lat' dir='ltr'><strong>vir</strong></span> <span class='ocrx_word' id='word_1_291' title='bbox 531 1833 651 1875; x_wconf 88' lang='lat' dir='ltr'><strong>bonus,</strong></span> <span class='ocrx_word' id='word_1_292' title='bbox 682 1837 710 1868; x_wconf 88' lang='lat' dir='ltr'><strong>si</strong></span> <span class='ocrx_word' id='word_1_293' title='bbox 743 1836 918 1880; x_wconf 80' lang='lat' dir='ltr'><strong>judicando</strong></span> <span class='ocrx_word' id='word_1_294' title='bbox 943 1837 1043 1877; x_wconf 86' lang='lat' dir='ltr'><strong>valet,</strong></span> <span class='ocrx_word' id='word_1_295' title='bbox 1064 1838 1092 1869; x_wconf 88' lang='lat' dir='ltr'><strong>si</strong></span> <span class='ocrx_word' id='word_1_296' title='bbox 1119 1849 1196 1870; x_wconf 87' lang='lat' dir='ltr'><strong>vero</strong></span> <span class='ocrx_word' id='word_1_297' title='bbox 1225 1837 1386 1870; x_wconf 87' lang='lat' dir='ltr'><strong>bonarum</strong></span> <span class='ocrx_word' id='word_1_298' title='bbox 1415 1837 1577 1870; x_wconf 86' lang='lat' dir='ltr'><strong>literarum</strong></span> <span class='ocrx_word' id='word_1_299' title='bbox 1605 1848 1721 1871; x_wconf 53' lang='lat' dir='ltr'><strong>amore*</strong></span> <span class='ocrx_word' id='word_1_300' title='bbox 1742 1845 1799 1871; x_wconf 51' lang='lat' dir='ltr'><strong>te&amp;</strong></span> 
     </span>
     <span class='ocr_line' id='line_1_31' title="bbox 321 1891 1802 1939; baseline 0.005 -17"><span class='ocrx_word' id='word_1_301' title='bbox 321 1897 432 1929; x_wconf 84' lang='lat' dir='ltr'><strong>netur,</strong></span> <span class='ocrx_word' id='word_1_302' title='bbox 470 1891 497 1923; x_wconf 85' lang='lat' dir='ltr'><strong>si</strong></span> <span class='ocrx_word' id='word_1_303' title='bbox 516 1891 696 1932; x_wconf 84' lang='lat' dir='ltr'><strong>auditione,</strong></span> <span class='ocrx_word' id='word_1_304' title='bbox 725 1893 877 1935; x_wconf 85' lang='lat' dir='ltr'><strong>lectione,</strong></span> <span class='ocrx_word' id='word_1_305' title='bbox 905 1894 1138 1939; x_wconf 83' lang='lat' dir='ltr'><strong>scribendoque</strong></span> <span class='ocrx_word' id='word_1_306' title='bbox 1162 1896 1328 1938; x_wconf 87' lang='lat' dir='ltr'><strong>ingenium</strong></span> <span class='ocrx_word' id='word_1_307' title='bbox 1358 1894 1507 1939; x_wconf 82' lang='lat' dir='ltr'><strong>subegit;</strong></span> <span class='ocrx_word' id='word_1_308' title='bbox 1542 1894 1619 1926; x_wconf 80' lang='lat' dir='ltr'><strong>haec</strong></span> <span class='ocrx_word' id='word_1_309' title='bbox 1642 1896 1739 1937; x_wconf 80' lang='lat' dir='ltr'><strong>igitur</strong></span> <span class='ocrx_word' id='word_1_310' title='bbox 1761 1895 1802 1929; x_wconf 74' lang='lat' dir='ltr'><strong>si‘·</strong></span> 
     </span>
     <span class='ocr_line' id='line_1_32' title="bbox 323 1947 1799 1996; baseline 0.004 -19"><span class='ocrx_word' id='word_1_311' title='bbox 323 1947 451 1985; x_wconf 78' lang='lat' dir='ltr'><strong>attulit,</strong></span> <span class='ocrx_word' id='word_1_312' title='bbox 492 1947 615 1981; x_wconf 88' lang='lat' dir='ltr'><strong>laudem</strong></span> <span class='ocrx_word' id='word_1_313' title='bbox 648 1949 734 1982; x_wconf 85' lang='lat' dir='ltr'><strong>illam</strong></span> <span class='ocrx_word' id='word_1_314' title='bbox 767 1958 906 1984; x_wconf 82' lang='lat' dir='ltr'><strong>servatae</strong></span> <span class='ocrx_word' id='word_1_315' title='bbox 937 1951 1155 1996; x_wconf 86' lang='lat' dir='ltr'><strong>perfectaeque</strong></span> <span class='ocrx_word' id='word_1_316' title='bbox 1179 1951 1364 1996; x_wconf 83' lang='lat' dir='ltr'><strong>discipiiuae</strong></span> <span class='ocrx_word' id='word_1_317' title='bbox 1397 1963 1465 1983; x_wconf 91' lang='lat' dir='ltr'><strong>non</strong></span> <span class='ocrx_word' id='word_1_318' title='bbox 1497 1958 1641 1995; x_wconf 80' lang='lat' dir='ltr'><strong>expetet,</strong></span> <span class='ocrx_word' id='word_1_319' title='bbox 1672 1951 1799 1985; x_wconf 72' lang='lat' dir='ltr'><strong>multa·—</strong></span> 
     </span>
     <span class='ocr_line' id='line_1_33' title="bbox 322 2005 1798 2054; baseline 0.005 -20"><span class='ocrx_word' id='word_1_320' title='bbox 322 2012 386 2048; x_wconf 84' lang='lat' dir='ltr'><strong>que</strong></span> <span class='ocrx_word' id='word_1_321' title='bbox 414 2013 513 2047; x_wconf 83' lang='lat' dir='ltr'><strong>opera</strong></span> <span class='ocrx_word' id='word_1_322' title='bbox 537 2005 707 2038; x_wconf 79' lang='lat' dir='ltr'><strong>sectabitur</strong></span> <span class='ocrx_word' id='word_1_323' title='bbox 721 2030 732 2046; x_wconf 91' lang='lat'><em>‚</em></span> <span class='ocrx_word' id='word_1_324' title='bbox 762 2008 819 2041; x_wconf 89' lang='lat' dir='ltr'><strong>sed</strong></span> <span class='ocrx_word' id='word_1_325' title='bbox 850 2008 1012 2043; x_wconf 75' lang='lat' dir='ltr'><strong>facillimo</strong></span> <span class='ocrx_word' id='word_1_326' title='bbox 1036 2009 1167 2054; x_wconf 84' lang='lat' dir='ltr'><strong>negotio</strong></span> <span class='ocrx_word' id='word_1_327' title='bbox 1207 2008 1431 2053; x_wconf 82' lang='lat' dir='ltr'><strong>comparabit3</strong></span> <span class='ocrx_word' id='word_1_328' title='bbox 1459 2010 1580 2053; x_wconf 82' lang='lat' dir='ltr'><strong>quippe</strong></span> <span class='ocrx_word' id='word_1_329' title='bbox 1612 2009 1652 2042; x_wconf 83' lang='lat' dir='ltr'><strong>ad</strong></span> <span class='ocrx_word' id='word_1_330' title='bbox 1688 2020 1798 2053; x_wconf 65' lang='lat' dir='ltr'><strong>quam,</strong></span> 
     </span>
     <span class='ocr_line' id='line_1_34' title="bbox 910 2069 1787 2099; baseline 0.001 -2"><span class='ocrx_word' id='word_1_331' title='bbox 910 2069 914 2075; x_wconf 84' lang='lat'><em>&#39;</em></span> <span class='ocrx_word' id='word_1_332' title='bbox 961 2073 966 2077; x_wconf 90' lang='grc'><em>·</em></span> <span class='ocrx_word' id='word_1_333' title='bbox 1710 2076 1787 2099; x_wconf 86' lang='lat' dir='ltr'><strong>cum</strong></span> 
     </span>
    </p>
   </div>
  </div>
 </body>
</html>
