1913 2427
484 129 959 162 DISSERTATIO
1026 126 1299 166 MEDICA}
1633 149 1655 181 9

617 299 1175 319 ---—·—-———————...-

135 433 141 445 f
176 428 201 457 Ι.
241 427 284 456 Ut
303 427 436 455 Medicus
460 433 515 455 suo
542 426 636 455 officio
661 426 714 454 rite
740 425 894 462 fungatur,
923 426 1110 462 requiruntur
1130 428 1267 463 regulae,
1296 435 1417 465 quarum
1441 428 1580 458 beneficio
1603 429 1645 459 fn-

137 478 233 508 venire
255 478 371 514 possit,
392 477 465 513 quid
484 477 512 505 in
538 485 658 513 corpore
683 476 855 513 aegrotantis
879 477 917 505 sit
937 477 1127 512 mutandum,
1155 483 1183 505 et
1213 478 1320 513 quibus
1347 480 1382 507 ad
1409 480 1481 508 illud
1509 481 1647 510 utendum

136 529 176 558 sit
200 529 332 565 auxiliis;
354 535 386 557 ut
405 534 497 557 autem
520 528 654 564 Medicus
675 528 710 556 ad
737 527 836 555 harum
857 529 1018 564 'regularum
1040 527 1235 564 cognitionem
1263 530 1426 564 perveniat,
1458 532 1583 559 attendat
1602 540 1650 560 ne-

135 588 218 608 cesse
240 587 285 609 est
305 580 340 608 ad
359 579 473 615 omnia,
503 587 574 615 quae
592 578 648 615 ipsi
673 587 707 607 ex
732 584 913 614 aegrotante,
935 584 963 608 et
980 579 1200 614 ‚phaenomenis
1221 580 1250 612 in
1272 588 1306 608 eo
1326 587 1353 608 et
1379 582 1454 610 circa
1477 590 1539 610 eum
1565 592 1653 619 appa-

138 631 287 666 rentibus,
309 639 360 667 per
380 639 483 659 sensus
506 636 555 658 aut
577 629 756 658 ratiocinium
782 629 958 658 innotescere
981 635 1096 664 queant.
1143 629 1220 658 Haec
1244 630 1307 665 ipsa
1330 639 1407 659 nunc
1423 652 1433 666 ,
1460 641 1650 669 quaecunque

138 682 214 717 sint,
236 689 292 710 tam
311 683 497 720 praesentia,
526 689 613 716 quam
639 672 808 718 praeterita
827 686 863 708 etr
872 680 1005 715 futura,
1033 688 1108 715 quae
1128 688 1348 717 cognoscuntur
1371 682 1399 710 in
1422 691 1504 719 aegro
1529 691 1556 712 et
1578 685 1652 712 circa

135 741 222 768 eum,
243 741 314 768 quae
333 738 455 762 mentem
477 731 585 760 Medici
605 731 644 759 ita
667 731 837 765 instruunt,
864 737 897 759 ut
918 731 1008 759 discat
1027 731 1097 766 quid
1119 731 1148 759 in
1173 739 1256 768 aegro
1279 732 1380 761 debeat
1406 740 1514 762 mutare
1534 741 1562 762 et
1588 735 1651 770 qui-

136 773 194 812 b'us
213 783 349 818 auxiliis,
371 781 539 810 Indicantia
560 781 618 810 dici
641 782 755 817 solent,
783 788 869 817 atque
899 781 1015 810 illorum
1040 782 1205 810 intellectus
1229 783 1260 811 in
1280 782 1397 812 Medico
1427 791 1512 813 natus
1541 785 1654 822 (Beer-

137 835 255 872 ὴανε),
281 834 342 863 sive
361 834 493 870 cognitio
518 842 635 867 eorum,
657 841 728 868 quae
745 840 779 861 ex
800 832 902 861 notitia
930 832 1060 868 ipsorum
1087 833 1275 862 indicantium
1298 835 1404 870 agenda
1430 842 1519 871 sunt,
1548 837 1655 866 dicitur

136 885 302 920 lndicatio‚·
323 884 371 919 id,
401 885 482 920 quod
502 884 690 921 cognoscitur
713 884 851 920 agendum
869 905 880 919 ,
909 883 970 911 sive
992 883 1132 919 mutatio,
1164 893 1236 920 quae
1255 893 1270 913 a
1290 884 1406 914 Medico
1432 892 1475 914 est
1501 887 1653 917 instituen-

134 936 194 971 da,
222 940 344 964 vocatur
368 934 544 964 Itzdicatecm.
591 935 734 964 Indicatio
760 943 827 972 ergo
853 941 896 963 est
916 934 1038 965 scIentia
1054 956 1065 970 ‚
1095 943 1167 970 quae
1194 937 1300 971 docet,
1330 936 1400 972 quid
1429 937 1468 966 sit
1491 939 1651 974 agendum,

133 992 170 1014 ut
188 986 276 1016 homo
302 985 351 1013 fiat
372 994 459 1014 sanus
475 995 485 1022 3
503 986 682 1016 ‘Indicantia
704 992 774 1016 sunt
795 994 825 1014 ea
846 986 1042 1022 phaenomena
1055 1006 1066 1022 ‚
1084 994 1107 1014 -e
1130 986 1237 1022 quibus
1258 986 1401 1016 :indicatio
1433 987 1599 1024 obtinetur,
1625 996 1652 1018 et

137 1036 305 1066 Iudicatum
332 1043 377 1065 est
396 1037 493 1074 ipsum
510 1038 650 1067 auxilium
671 1039 732 1068 sive
760 1037 924 1067 remedium.
943 1054 946 1057 ,
1097 1046 1100 1047 ⁷
1154 1062 1157 1071 ,
1179 1067 1183 1072 ,

174 1087 276 1116 Liceat
306 1088 376 1116 mihi
401 1089 530 1125 exemplo
559 1091 683 1126 quodam
713 1091 780 1118 haec
809 1088 957 1118 declarare.
1001 1089 1130 1120 Affertur
1156 1090 1263 1127 homo,
1292 1099 1375 1127 quem
1403 1098 1442 1120 ex'
1469 1090 1560 1128 signis
1583 1092 1655 1121 novi

137 1139 333 1175 plethoricum
358 1147 431 1168 esse.
474 1140 561 1177 Signa
578 1149 655 1170 nunc
675 1141 840 1170 indicantia
859 1143 1031 1179 praesentia
1054 1147 1124 1170 sunt
1151 1150 1285 1170 venarum
1314 1148 1432 1180 mrgor,
1460 1142 1548 1171 rubor
1571 1142 1654 1172 faciei

134 1197 164 1219 et
187 1191 356 1226 oculorum,
384 1191 552 1228 dyspnoea,
579 1192 777 1229 cephalalgia,
804 1192 1241 1229 vertigoanimiaproclivitas
1264 1193 1294 1222 in
1316 1202 1467 1229 somnum,
1497 1200 1568 1222 caet.
1604 1194 1652 1222 Ad

134 1241 301 1270 indtcantia
321 1244 508 1280 praeterita,
536 1251 608 1279 quae
626 1243 673 1272 hic
695 1249 724 1271 et
748 1252 854 1272 causae
870 1243 927 1272 dici
950 1250 1096 1279 possunt,
1125 1243 1290 1273 referuntur
1307 1245 1366 1273 vita
1387 1245 1502 1280 otiosa,
1528 1244 1656 1273 absentia.

130 1293 302 1328 passionum
328 1293 566 1330 deprimentium,
596 1294 760 1323 imminutio
784 1295 829 1322 vel
848 1294 1019 1330 suppressio
1043 1294 1238 1329 excretionum
1263 1295 1412 1323 solitarum
1426 1315 1436 1329 ‚
1465 1304 1490 1324 e.
1514 1304 1543 1332 g.
1574 1304 1653 1324 men-

130 1349 301 1378 strum-um,
323 1352 396 1379 quae
415 1344 536 1380 ultima,
558 1345 583 1372 si
603 1345 726 1379 instant,
750 1345 886 1380 quoniam
901 1351 980 1372 statu
995 1345 1157 1380 pletllorico
1179 1353 1261 1381 saepe
1278 1346 1517 1382 supprimuntur,
1537 1353 1565 1374 et
1586 1346 1653 1375 hine

133 1394 282 1430 plethorae
301 1394 506 1424 incrementum
527 1395 684 1423 timendum
710 1401 773 1429 est,
794 1394 959 1427 indicantia
974 1395 1088 1430 futura
1114 1395 1250 1424 formant.
1290 1397 1368 1434 Quid
1388 1404 1465 1425 nunc
1488 1397 1583 1425 omnia
1603 1396 1653 1426 illa

135 1443 262 1473 docent?
284 1444 471 1482 Minuendam
488 1454 551 1474 esse
579 1445 730 1483 sanguinis
749 1447 866 1474 molem.
907 1445 985 1474 Haec
1010 1451 1055 1474 est
1074 1445 1230 1481 indicatio,
1251 1452 1279 1475 et
1299 1446 1438 1482 remedia,
1461 1446 1568 1482 quibus
1592 1456 1656 1477 san-

137 1495 252 1532 guinem
276 1496 408 1530 minuas,
435 1503 460 1524 e.
479 1504 509 1532 g.
529 1504 616 1525 venae
634 1496 743 1531 sectio,
766 1502 863 1524 motus
886 1504 1060 1532 corporeus,
1081 1496 1181 1525 leniter
1200 1497 1371 1533 aperientia,
1397 1497 1562 1534 pediluvia‚
1594 1505 1652 1528 etc.

132 1545 268 1574 indicata
293 1547 441 1575 dicuntur.
487 1546 670 1583 Multiplices
692 1547 761 1576 aliae
788 1547 972 1576 iudicationis
1001 1554 1030 1576 et
1060 1547 1247 1576 indicantium
1277 1548 1483 1584 descriptiones
1507 1555 1534 1577 et
1564 1549 1654 1586 expli-

134 1597 264 1626 cationes
286 1597 474 1627 inveniuntur
488 1598 562 1627 inter
577 1598 649 1628 alios
664 1604 797 1627 auctores
812 1599 889 1634 apud
906 1598 1011 1627 Galen.
1027 1598 1149 1632 method·
1167 1598 1239 1627 med.
1263 1599 1286 1627 l.
1302 1598 1341 1627 11.
1365 1608 1393 1628 c.
1413 1608 1441 1635 7.
1484 1599 1515 1628 C.
1532 1600 1652 1638 Spreng.

136 1647 222 1677 Ther.
241 1657 308 1686 gen.
329 1651 409 1685 553.
449 1648 562 1677 Hcckcr
589 1649 675 1677 Ther.
698 1658 764 1686 gen.
793 1657 861 1686 pag.
880 1657 950 1687 209.
988 1648 1091 1685 Hufcl.
1122 1650 1197 1686 Syst.
1227 1649 1280 1679 der
1302 1640 1404 1687 praet.
1433 1649 1531 1678 Heilk.
1563 1650 1598 1679 Β.
1625 1659 1655 1693 1·

133 1707 201 1736 pag.
224 1700 278 1735 183
297 1705 324 1727 et
351 1702 417 1735 184,
439 1706 467 1729 et
487 1700 564 1736 apud
584 1701 693 1728 multos
715 1700 807 1735 alios,
830 1708 905 1735 quos
931 1706 1026 1729 tamen
1048 1707 1101 1736 ego
1117 1700 1233 1737 juvenis
1258 1709 1402 1730 recensere
1421 1709 1514 1737 neque
1529 1709 1652 1738 possum

135 1757 227 1786 neque
255 1750 357 1780 audeo.
403 1750 544 1782 Definitio
576 1758 670 1781 autem
702 1759 771 1781 mox
800 1751 886 1780 relata
913 1751 983 1780 mihi
1021 1750 1151 1789 omnium
1181 1751 1396 1789 simplicissima
1428 1759 1515 1790 atque
1544 1753 1653 1789 optima

136 1800 273 1829 videtut..
302 1823 305 1825 .
925 1832 929 1838 ¹
1005 1835 1010 1840 ,

174 1851 269 1880 Datur
291 1852 427 1889 generalis
454 1853 662 1884 indicationum
683 1854 815 1891 divisio,
845 1862 932 1890 quam
964 1852 1023 1884 fere
1053 1861 1152 1884 omnes
1181 1860 1312 1885 auctores
1340 1861 1410 1893 post
1437 1855 1580 1886 Calenum
1609 1863 1653 1885 se-

137 1908 286 1938 quuntur‚
315 1911 446 1940 quaeque
467 1911 495 1933 et
517 1905 587 1934 mihi
611 1905 696 1935 unica
719 1912 806 1942 atque
824 1905 1068 1942 praestantissima
1089 1907 1220 1943 videtur3
1250 1912 1352 1943 estque
1380 1907 1429 1936 illa
1455 1906 1587 1936 instituta
1612 1915 1654 1936 se-

133 1953 261 1983 cundum
283 1953 408 1986 officium
433 1955 562 1993 Medici,
591 1956 642 1994 qui
664 1956 694 1986 in
719 1957 842 1995 aegrotis
862 1958 953 1987 vitam
979 1966 1150 1991 conservare
1167 1978 1178 1995 2
1206 1957 1288 1988 mala
1307 1958 1420 1994 futura
1446 1964 1654 1997 praevertere,

972 2006 996 2035 B
1576 2016 1651 2036 mon-
