1913 2427
199 146 239 187 32¹
378 149 643 183 FREDERICI
687 145 911 179 EGELING
956 143 1292 177 DISSERTATIO
1336 142 1538 178 MEDICA‘.

202 241 334 279 quamvis
356 238 388 269 vin
409 228 506 268 eodeni
532 237 620 265 titulo
644 234 809 271 disposito,
834 233 917 270 plane
942 231 1051 267 simile,
1080 239 1172 268 neque
1193 240 1319 269 unquam
1343 241 1405 263 esse
1422 232 1605 267 indifferens,
1634 232 1717 267 quale

203 294 440 322 medicamentum
471 288 701 326 praescribatur,
732 293 821 321 quum
843 283 956 316 omnia,
983 291 1094 320 praeter
1118 284 1189 312 hane
1212 284 1390 320 primariam3
1416 284 1498 313 aliam
1521 291 1636 319 quoque
1659 282 1718 311 sibi

200 345 384 381 conjunctam
408 341 513 370 habent
536 340 613 374 vim,
634 347 699 366 cum
724 343 801 366 statu
823 335 963 372 praesenti
987 337 1117 372 corporis
1146 337 1253 374 aegroti
1275 337 1365 374 magis
1394 337 1525 366 minusve
1546 336 1718 366 convenien-

203 402 279 431 tem;
303 403 393 431 quum
419 394 486 421 haec
505 391 558 419 rite
579 389 748 426 perspiciat,
771 388 912 422 ulterius,
933 394 960 415 et
981 396 1066 423 quam
1086 387 1313 424 accuratissime,
1339 389 1473 417 maximas
1493 388 1575 417 etiam
1597 389 1719 416 circum-

205 446 323 477 stantias
348 445 377 474 in
402 452 485 480 aegro
506 441 643 476 attendit,
666 440 820 475 omniaque
842 438 980 474 inquirit,
1002 445 1028 467 et
1052 439 1093 467 sic
1116 439 1225 468 invenit
1249 442 1385 476 quaenam
1405 440 1567 469 coindicent
1591 440 1635 467 vel
1649 447 1718 468 con-

204 497 389 525 traindicent.
429 486 573 522 Ponamus
597 486 693 526 nunc,
715 491 863 519 Medicum
886 489 914 517 in
939 495 1009 518 casu
1033 490 1173 526 hydropis
1199 491 1330 519 chronici
1356 491 1384 520 in
1411 500 1532 528 corpore
1551 490 1720 528 phlegmati-

205 555 241 576 co
262 556 296 575 ex
321 545 494 575 indicatione
517 543 640 572 formata
657 543 792 579 selegisse
809 541 1015 570 diureticorum
1025 546 1115 579 genus
1133 543 1304 578 stimulam,
1325 550 1385 572 non
1406 542 1567 571 indifferens
1588 543 1644 579 ipsi
1658 548 1721 577 est,

203 605 301 627 utrum
321 602 416 625 sumat
435 604 515 633 aeger
535 604 565 623 v.
592 603 621 631 g.
642 600 788 632 potassam
808 593 854 621 vel
872 592 995 620 scillam.
1032 592 1067 620 -Si
1088 591 1254 621 febriculam
1275 593 1399 628 lentam,
1428 594 1581 622 humorum
1600 594 1722 622 acrimo-

203 650 280 680 niam
305 656 332 679 et
359 647 614 684 colliquationem‚
639 655 704 674 cum
722 644 842 674 visceris
861 644 985 681 alicujus
1011 643 1073 672 labe
1094 643 1246 672 inveterata
1272 645 1473 681 conjunctam,
1501 645 1721 680 animadvertit,

207 700 340 739 potassae
360 708 447 729 usum
471 705 569 735 negat3
592 698 664 727 hanc
692 703 785 726 autem
810 694 978 732 praescribit
999 689 1036 722 in⁴
1056 695 1164 723 lentore
1187 694 1406 729 circulationis‚
1434 694 1602 723 absentibus
1626 694 1721 731 siguis

205 761 273 781 mox
294 751 474 785 memoratis,
501 750 602 778 habitu
629 747 841 785 phlegmatico,
868 746 948 773 urina
973 745 1088 780 pallida.
1135 745 1255 773 Scillam
1276 745 1375 782 eligit,
1405 746 1431 774 si
1459 747 1549 775 multa
1576 746 1650 775 adsit
1677 745 1724 782 pi·

206 804 298 838 mita,
320 801 484 839 praesertim
504 801 533 829 in
553 799 763 837 pulmonibus,
786 798 810 826 si
832 798 915 826 alvus
938 797 1025 825 simul
1041 797 1256 833 quodammodo
1274 797 1488 832 promovendus
1506 806 1516 832 3
1548 804 1576 825 at
1601 797 1636 825 ab
1659 797 1722 834 ejtte

203 863 262 884 usu
292 854 429 889 desistit,
458 852 509 880 ubi
529 852 708 883 ventriculus
733 851 815 881 valde
841 848 943 878 debilis
971 855 998 876 et
1032 848 1066 877 ad
1092 847 1235 876 vomitum
1261 847 1344 876 facile
1368 855 1549 884 propensus,
1576 854 1647 877 caet.
1686 847 1722 877 ln

203 905 430 943 hydr-othotam,
451 904 568 933 caeteris
594 912 653 932 non
671 902 988 936 contraindicantlbus,
1009 901 1105 937 seligit
1124 901 1241 930 herbam
1271 900 1356 937 dtgit.
1375 907 1492 938 purp.,.
1516 901 1650 936 quoniam
1674 906 1723 930 ex'·

204 956 341 994 perientia
363 956 512 992 (multum
525 956 563 992 *ad
580 955 736 985 doctrinam
760 954 966 982 indicationum
988 951 1163 989 conferens)
1184 952 1284 981 docuit
1303 951 1375 980 hanc
1396 960 1478 987 saepe
1494 951 1630 988 specifice
1650 960 1724 988 quo-

205 1008 374 1042 dammodo,
397 1013 425 1037 et
445 1016 510 1044 prae
533 1008 597 1036 aliis
620 1006 788 1041 diureticis‚
808 1005 837 1034 in
855 1005 905 1033 hac
929 1004 1068 1041 hydropis
1089 1003 1183 1032 forma
1205 1011 1286 1040 agere
1345 1003 1457 1032 Horum
1477 1009 1570 1032 autem
1593 1003 1723 1032 omnium

205 1059 280 1088 nihil
311 1064 392 1087 curat
422 1058 556 1088 Medicus
591 1058 798 1087 indicationum
823 1056 969 1089 doctrinae
990 1063 1050 1085 non
1065 1055 1203 1092 peritus3
1233 1055 1279 1083 hic
1300 1054 1375 1085 enim
1396 1054 1587 1084 indifferenter
1609 1060 1636 1083 et
1657 1063 1726 1091 pro·

204 1110 316 1139 miscue
340 1110 541 1139 medicamenta
560 1110 742 1146 praescribit.

244 1161 291 1190 Ex
302 1161 382 1190 hisce
393 1170 471 1190 nunc
488 1151 583 1190 videre
598 1168 660 1197 est,
682 1162 755 1191 tanti
772 1161 911 1191 momenti
926 1169 989 1191 esse
1010 1169 1106 1190 veram
1125 1160 1284 1189 doctrinam
1302 1159 1509 1190 indicationum
1525 1160 1555 1189 iri
1570 1161 1727 1198 seligendis

210 1212 360 1248 remediis,
380 1219 412 1241 ut
427 1213 488 1242 sine
508 1213 556 1241 illa
569 1214 669 1241 nullus
691 1212 750 1242 veri
765 1212 890 1242 nominis
906 1214 1040 1244 Medicus
1053 1215 1173 1243 existere
1185 1214 1300 1251 possit;
1322 1223 1356 1243 ex
1374 1214 1454 1243 hisce
1473 1214 1568 1243 videre
1580 1220 1639 1250 est,
1661 1215 1727 1244 nul-

209 1265 264 1292 lam
276 1264 435 1293 doctrinam
453 1266 522 1301 plus
537 1264 672 1293 utilitatis
696 1265 831 1295 scientiae
847 1265 978 1296 Medicae
1000 1265 1113 1301 afferre,
1140 1274 1226 1302 quam
1247 1266 1339 1301 hanc,
1365 1275 1450 1301 quam
1473 1274 1612 1302 exponere
1635 1266 1725 1302 hujus

209 1314 419 1343 dissertationis
441 1314 498 1343 fuit
522 1324 653 1350 scopus,
673 1315 721 1343 cui
743 1304 842 1351 aptum
868 1317 987 1345 omnino
1012 1325 1088 1347 nunc
1111 1317 1193 1345 finem
1219 1318 1367 1352 imponere
1396 1325 1535 1353 possum,
1562 1313 1622 1344 non
1643 1314 1732 1344 dubi-

210 1369 293 1402 tans,
314 1364 386 1401 quin
409 1364 468 1402 illi,
490 1365 541 1403 qui
561 1365 597 1394 de
611 1373 643 1395 ea
655 1366 796 1404 judicium
822 1374 892 1396 sunt
910 1367 1013 1403 laturi,
1034 1367 1145 1397 virium*
1165 1367 1337 1404 juvenilium
1357 1367 1496 1396 rationem
1515 1367 1642 1396 habituri
1654 1367 1725 1398 sint.

775 1471 1158 1503 TANTUM.

323 1599 359 1629 Ὀ
377 1597 436 1634 βίος
459 1598 590 1636 maxim,
612 1600 628 1633 ἢ
655 1599 682 1629 δὲ
701 1599 784 1635 τέχνη
803 1602 919 1638 μακρὴ,
941 1602 955 1633 ὃ
979 1602 1008 1632 δε
1049 1601 1122 1630 Vita
1138 1599 1251 1635 brevis,
1272 1608 1324 1628 ars
1351 1599 1457 1637 longa,
1479 1601 1585 1628 occasio
1607 1599 1744 1636 celeris,

365 1650 454 1685 καιρὸς
473 1649 558 1684 ὀξὺς,
589 1651 604 1684 ἦ
629 1651 658 1679 δε
681 1655 760 1686 πεῖρα
778 1653 926 1688 σφαλερὴ,
951 1654 967 1686 ἡ
983 1654 1011 1682 δε
1089 1653 1317 1689 experimentum
1340 1651 1531 1689 periculosum
1550 1671 1561 1686 ‚
1581 1650 1732 1687 judicium

366 1701 448 1737 κρίσις
468 1702 594 1737 χαλεπή.
643 1705 698 1732 Δεῑ
715 1702 743 1731 δε
765 1704 795 1732 οὗ
819 1703 898 1739 μόνον
919 1703 1015 1733 iau-riu
1092 1701 1215 1739 dtfficile.
1262 1700 1382 1738 Oportet
1406 1707 1501 1729 autem
1531 1710 1586 1728 non
1609 1699 1688 1728 modo
1705 1708 1736 1728 sc

365 1752 494 1788 παρέχειν
513 1753 552 1782 τὰ
574 1752 668 1783 δέονται
696 1753 838 1790 ποιέοντα,
866 1755 945 1784 ἀλλὰ
964 1753 1010 1783 καὶ
1090 1753 1182 1790 ipsum
1197 1752 1329 1781 exhibere
1345 1761 1419 1789 quac
1439 1757 1547 1790 oportet
1555 1750 1734 1788 fodentem,

365 1803 411 1831 τὸν
431 1802 553 1833 νοσέοντα
568 1822 581 1840 ,
604 1803 651 1835 καὶ
674 1807 737 1839 τοῦς
767 1806 914 1843 raptam-aq
929 1826 940 1842 ,
967 1806 1014 1837 καὶ
1093 1804 1143 1834 sed
1149 1811 1174 1833 et
1183 1813 1304 1843 aegrum
1313 1823 1323 1839 ‚
1336 1809 1550 1841 aprunculus,
1560 1809 1587 1830 et
1599 1808 1733 1832 externa.

368 1854 407 1885 τοὶ
422 1854 524 1891 ἔξωθεν.

1232 1893 1344 1923 Hn’r.
1366 1892 1479 1931 Aphor.
1506 1891 1583 1921 Sect.
1602 1891 1627 1921 1.
1647 1900 1676 1921 1.
