1913 2427
386 149 901 191 ‘COMMENTATIO
970 150 1294 187 CHEMICA‘.
1553 154 1594 188 25

115 245 259 280 Gummi,
284 245 313 273 in
337 246 398 274 laxa
422 246 475 274 tela
498 239 701 281 vegetabilium
722 241 860 270 cellulosa
879 242 1048 278 plerumque
1075 248 1260 277 contentum,
1285 242 1400 271 uberius
1420 242 1592 279 producitur

79 301 111 329 in
126 297 296 336 reg-ionibus
317 298 523 332 calidioribus,
546 302 578 324 ut
600 294 708 332 gummi
726 292 870 322 arabicum
892 301 907 320 a
922 293 1049 321 Mimosa
1064 293 1190 322 Nilotica
1206 293 1327 330 aliisque
1344 294 1474 323 mimosis
1494 298 1552 331 (27
1563 297 1588 332 ).

80 350 170 381 Pruni
193 350 276 378 etiam
299 356 327 377 et
350 348 447 378 Cerasi
468 348 577 386 gummi
595 346 740 375 exstillant
764 344 819 373 sub
841 351 943 373 nostro
965 353 1080 381 quoque
1103 345 1232 379 climate;
1255 346 1386 381 equidem
1413 352 1504 374 autem
1525 348 1591 375 nul-

79 404 124 432 las
146 402 258 431 Prunos
274 401 334 430 vidi
356 401 464 438 gummi
486 400 663 434 emittentes,
684 397 740 426 nisi
757 405 830 432 quac
854 396 1016 424 crescebant
1037 396 1066 424 in
1090 396 1194 432 apricis
1220 397 1312 432 locis;
1342 405 1434 433 neque
1456 397 1523 426 haec
1548 406 1591 427 res

80 453 205 483 obscura
225 453 353 488 videtui-3
377 453 449 481 solet
470 452 544 480 enim
565 449 675 487 gummi
698 445 789 476 emitti
809 446 960 482 plethora,
984 454 1068 480 quam
1092 445 1193 481 partim
1217 446 1327 475 inducit
1352 447 1489 483 generalis
1510 457 1593 477 vaso-

80 512 145 533 rum
167 504 337 539 plenitudo,
366 503 469 539 partim
498 503 600 531 allatus
628 501 700 530 solis
729 497 885 532 stimulus,
909 502 936 524 et
957 496 1044 525 simul
1075 497 1168 525 affecti
1189 497 1308 526 calorici
1336 498 1381 527 vis
1410 499 1592 536 expandens,

81 555 155 584 unde
175 562 207 582 ex
231 554 308 583 vasis
335 554 427 590 ruptis
446 553 532 582 effluit
553 554 649 589 liquor
667 559 848 588 gummosus.

116 605 267 641 Mucilago
285 613 353 634 vero
376 606 430 634 etsi
455 606 485 634 in
507 604 688 634 calidissimis
713 602 877 639 regionibus
906 602 983 630 haud
1009 602 1194 638 infrequens,
1221 609 1293 632 teste
1321 603 1473 640 Astraga10
1498 609 1592 640 traga-

74 657 181 685 cantha
197 677 207 692 ,
237 656 351 685 uberior
370 663 464 684 tamen
490 656 635 685 invenitur
658 654 687 683 iu
708 653 873 682 Boi-ealibus
896 653 1007 689 plagis3
1033 660 1109 683 recte
1137 654 1210 682 enim
1233 653 1437 683 Hermbstaedc
1459 654 1593 683 distinxit

78 707 189 744 gummi
211 716 226 736 a
250 707 439 743 mucilagine;
463 715 571 743 aquosa
591 705 700 742 gummi
721 703 831 733 solutio
855 710 898 732 est
928 704 1084 739 diaphana,
1113 704 1277 740 glutinosa,
1308 705 1443 734 ductilis:
1472 705 1592 733 mucila-

80 759 157 796 ginis
180 767 246 787 vero
265 767 354 794 opaca
372 765 436 792 est,
459 766 510 786 nec
527 757 673 794 glutinosa
688 764 738 784 nec
762 762 864 789 tenax,
895 763 996 784 verum
1022 756 1144 792 gliscens
1169 755 1241 784 inter
1269 756 1394 793 digitos;
1422 756 1592 792 mucilagine

81 810 183 845 plenae
201 817 269 838 sunt
289 810 467 845 Consolida,
497 810 636 844 Althaea,
666 808 781 842 Malva,
810 806 972 841 Lichenes,
994 813 1026 834 ut
1045 807 1265 842 Pulmonarius,
1287 807 1472 842 Isiaudicus,
1501 808 1598 836 Fraxi-

79 868 164 890 neus.
205 861 325 890 Materia
345 861 461 896 dulcis,
480 862 526 890 vel
550 860 734 893 saccharum,
763 859 793 886 in
814 858 892 886 omni
914 858 1030 895 regione
1048 859 1235 894 producitur3
1263 858 1356 887 differt
1381 865 1472 888 tamsn
1499 860 1529 888 in
1551 868 1597 888 va-

79 912 129 941 riis
155 913 321 949 regionibus
343 913 469 941 sacchari
490 912 592 948 copia,
621 911 732 940 indoles
754 917 781 938 et
804 918 869 937 cum
893 909 956 937 aliis
976 909 1128 946 principiis
1155 911 1277 946 copula3
1305 910 1445 939 rarissime
1467 911 1495 939 in
1518 910 1598 947 frigi-

78 963 177 992 darum
209 970 345 991 terrarum
375 964 479 1000 plantis
513 971 618 999 purum
652 962 780 991 occurrit
805 961 999 996 saccharum,
1028 966 1105 989 arcte
1130 969 1197 989 vcro
1220 962 1354 998 junctum
1385 970 1450 990 cum
1483 970 1598 992 matera

77 1015 238 1050 am-ylacea,
267 1015 475 1050 mucilaginea,
506 1014 680 1048 extractiva;
710 1019 809 1041 contra
826 1012 1032 1040 Meritlionaies
1050 1012 1161 1047 plantae
1176 1013 1277 1047 plenae
1300 1020 1368 1041 sunt
1393 1013 1517 1049 purioris
1539 1021 1606 1055 sac-⁶

78 1065 175 1099 chari3
209 1073 294 1100 quam
317 1063 453 1093 facilibus
470 1064 599 1092 artificiis
617 1072 651 1092 ex
666 1062 804 1091 arundine
823 1061 1029 1096 saecliarifera,
1049 1061 1078 1089 in
1103 1068 1223 1097 utraque
1244 1063 1325 1091 india
1343 1069 1446 1098 sponte
1461 1070 1596 1091 nascente

77 1121 106 1144 et
121 1116 215 1151 culta,
234 1122 260 1144 et
277 1125 311 1145 ex
327 1124 405 1144 acere
425 1116 610 1151 saccharino,
628 1116 703 1152 larga
718 1113 845 1143 sacchari
870 1113 954 1149 copia
973 1119 1088 1148 paratur
1107 1113 1209 1149 (πως
1241 1113 1345 1148 quodsi
1368 1114 1420 1141 hae
1444 1114 1597 1143 arundines

76 1173 106 1196 et
127 1175 205 1196 acera
223 1167 252 1196 in
277 1167 375 1196 calidis
400 1168 483 1196 etiam
509 1168 642 1203 Europae
664 1164 831 1202 regionibus
854 1163 947 1192 debita
971 1171 1039 1192 cura
1063 1164 1213 1200 colantur,
1236 1164 1365 1192 nondum
1381 1170 1474 1193 tamen
1488 1173 1596 1201 purum

77 1217 213 1254 praebent
229 1218 408 1247 saccharum,
433 1218 605 1248 Docuerunt
622 1216 797 1253 id-egregie,
819 1215 850 1244 ni
866 1214 967 1250 fallar,
988 1215 1130 1250 praeclara
1140 1214 1307 1243 Bermondii
1320 1215 1528 1252 experimenta,
1545 1217 1597 1252 qui

78 1268 192 1297 colebat
207 1270 372 1298 arundinem
394 1271 470 1306 apud
491 1270 614 1299 Nizzam
630 1269 645 1305 (
655 1268 865 1307 Departemem
882 1267 928 1296 des
944 1267 1032 1306 Alpes
1048 1268 1197 1305 marines)
1222 1269 1320 1306 (2933
1343 1269 1521 1298 excrescebat
1539 1268 1598 1297 fere

78 1319 188 1348 arundo
203 1319 238 1347 ad
251 1320 374 1348 eamdem
397 1320 575 1349 altitudinem
585 1341 596 1356 ‚
618 1320 653 1349 ad
669 1328 754 1356 quam
769 1318 957 1353 Americana,
979 1319 1028 1347 sed
1041 1318 1204 1354 proferebat
1220 1320 1386 1348 saccharum
1402 1328 1462 1348 non
1479 1320 1600 1356 crystal-

77 1367 204 1405 lisabile,
225 1378 323 1399 verum
339 1371 573 1408 mucilagineum.
621 1370 722 1400 Aceris
746 1370 906 1399 saccharini
924 1370 1021 1398 cultus
1045 1369 1076 1398 in
1097 1369 1192 1399 Gallia
1214 1378 1273 1399 non
1294 1370 1437 1400 feliciores
1459 1370 1595 1400 fueruntz

78 1427 218 1456 praeterea
238 1422 347 1451 invenit
369 1423 412 1452 ill.
437 1423 603 1459 Proestius,
632 1431 692 1459 quo
717 1422 839 1459 pleniori
866 1422 927 1451 sole
948 1428 1019 1449 uvae
1038 1420 1219 1457 fruerentur,
1249 1430 1283 1451 eo
1301 1423 1370 1458 plus
1392 1421 1519 1458 purioris
1537 1430 1598 1450 sac-

79 1471 158 1500 chari
184 1473 234 1501 has
258 1472 404 1511 proferre;
434 1474 464 1503 in
483 1475 576 1512 plagis
597 1474 731 1510 Europae
745 1472 1008 1507 Meridionalibus,
1036 1471 1196 1508 Hispania,
1224 1473 1336 1509 Gallia,
1365 1472 1448 1501 facile
1471 1480 1506 1500 ex
1529 1471 1595 1501 uvis

79 1523 247 1552 saccharum
269 1531 365 1560 potest
384 1525 505 1562 colligi,
529 1526 610 1561 quod
628 1533 663 1554 ex
677 1526 744 1554 uvis
762 1525 792 1553 in
815 1522 983 1553 Borealibus
1005 1521 1120 1558 plagis,
1149 1522 1316 1560 Germania,
1348 1522 1503 1552 Hollandia
1523 1531 1598 1551 cres-

78 1574 232 1609 centibus,
257 1575 368 1603 nullum
391 1577 465 1604 valet
486 1576 638 1605 artificium
665 1584 804 1613 separare.
1326 1594 1341 1605 .

90 1640 93 1646 =
116 1623 197 1653 Num
223 1633 290 1654 vero
320 1626 376 1654 huc
400 1625 496 1655 referri
520 1634 641 1657 meretur
666 1626 831 1656 observatIO
854 1635 870 1655 a
889 1624 1114 1653 Labellardm'o
1144 1624 1240 1661 facta,
1269 1626 1376 1655 docens
1401 1625 1512 1655 Palmae
1531 1624 1597 1653 fari-

77 1675 171 1706 nariae
193 1676 336 1712 liquorem
360 1678 482 1707 interdiu
513 1678 678 1707 saccharinzi
698 1678 815 1706 materia
836 1676 988 1710 ditiorem,
1013 1683 1099 1711 quam
1118 1677 1231 1705 noctu?
1256 1676 1347 1714 (30).

114 1725 402 1764 Novimusquitlem
420 1729 450 1759 in
471 1729 655 1759 calidissimis
681 1729 848 1766 regionibus
877 1727 1043 1757 saccharum
1072 1727 1203 1757 comitari
1232 1729 1351 1758 multam
1372 1726 1593 1765 mucssagincm,

1569 1782 1598 1809 et

106 1872 172 1902 (¹7)
187 1876 264 1899 nem.
276 1877 302 1899 L.
316 1875 342 1900 L.
358 1884 381 1904 p.
393 1882 428 1904 ⁵5.
463 1877 566 1899 Thena.
580 1876 606 1900 L.
620 1876 646 1899 L.
663 1884 686 1905 p.
703 1877 751 1904 189.
784 1875 878 1897 Grindal.
895 1873 923 1897 L.
937 1874 965 1899 L.
982 1882 1005 1904 p.
1020 1878 1054 1902 14.

106 1913 174 1942 (αἱ)
190 1917 269 1938 rium.
284 1918 310 1939 L.
323 1917 350 1940 L.
367 1925 390 1945 p.
407 1924 430 1943 ις
445 1922 492 1946 seq.
523 1919 624 1941 naara.
639 1919 664 1940 L.
680 1917 708 1940 L.
727 1924 749 1945 p.
764 1917 802 1944 158
818 1921 865 1944 seq.
896 1915 989 1937 cnr-dat.
1002 1915 1029 1937 ι.
1041 1915 1067 1937 L.
1085 1920 1109 1942 p.
1124 1919 1160 1937 ω.

95 1953 171 1982 (ι’)
188 1958 306 1984 allgemcine
319 1958 387 1981 chem.
402 1960 499 1982 Biblioth.
512 1960 544 1981 du
558 1966 584 1985 19
593 1960 706 1986 jahrhund.
718 1965 759 1982 van
772 1958 801 1986 J.
817 1958 842 1980 B.
861 1957 1020 1985 Trommslorff,
1036 1961 1084 1979 xste
1098 1957 1166 1979 band·
1183 1960 1229 1980 me
1243 1958 1295 1980 stuk
1310 1963 1335 1987 ρ.
1347 1962 1398 1985 ης.

107 1995 173 2023 (20)
187 1998 290 2023 Seneln'er.
304 2001 395 2028 Phyitol.
408 2003 476 2029 ναμε.
496 2007 552 2024 tom.
565 2003 592 2024 V.
610 2008 633 2029 p.
648 2006 696 2029 ²97-

888 2039 916 2070 D
