1913 2427
651 121 1075 159 ‚‘O-RET'IO.
1190 125 1275 132 ·'
1582 128 1633 178 ’ἣ

151 225 183 251 et
203 224 301 249 aetate
322 217 364 251 sis
388 223 420 248 et
443 217 833 261 doctrinae-praestantia,
857 223 904 251 ut'
918 221 1065 252 omnium
1081 228 1238 253 consensu
1263 233 1410 266 magnam
1434 225 1507 257 Tibi
1534 234 1624 260 sewi

148 277 271 306 ritatem
301 285 426 306 sumere
447 277 569 318 possis,
600 276 778 309 auctoritati
804 275 869 313 illi,
895 278 1147 319 qui¹seneetutis
1172 289 1252 321 apex
1274 287 1339 319 est,
1373 288 1490 315 tautam
1520 287 1620 317 comi-

148 336 242 361 tatem
263 329 506 374 facilitatemque
531 331 731 374 adspersisti‚
754 339 790 364 ut
814 332 951 364 dubium
978 335 1036 372 sit,
1059 335 1256 377 major-enine
1276 336 1346 367 Tibi
1361 339 1546 380 gravitatem
1567 353 1619 373 ae.

146 391 211 424 tas,
238 397 277 418 an
301 387 530 420 humanitatem
553 389 660 420 literae
685 389 867 421 attulerint.⁴
915 393 953 421 Et
982 402 1045 423 nos
1072 393 1170 435 igitur
1198 395 1263 435 Te,
1287 401 1322 425 ut
1351 404 1530 438 parentem,
1564 411 1619 431 co·

147 441 264 482 lemus,
286 450 318 475 et
342 444 396 475 Tu
423 446 458 476 in
482 452 591 477 nostra
620 446 747 478 caritate
774 448 1036 489 acquiesces,·et
1061 449 1105 480 ita
1139 449 1232 483 nobis
1264 462 1388 495 semper
1416 454 1620 496 persuadebi-

147 508 240 536 mus,
263 501 353 542 ejus,
375 513 471 544 quam
490 502 700 545 profitemur,
724 503 909 546 disciplinae
936 505 1057 537 nullam
1082 515 1150 538 esse
1184 509 1354 550 majorem,
1377 512 1562 556 nullamque
1585 515 1623 546 tl-

144 554 327 588 lustriorem
356 558 502 597 laudem,
538 571 635 602 quam
661 571 743 604 quae
769 562 804 592 in
835 564 902 593 Tua
929 563 1056 605 Tuique
1079 563 1319 597 simillimorum
1345 568 1499 610 sapienua
1515 570 1619 615 'atque

143 613 259 643 eximia
297 615 414 647 virtute
444 623 600 648 cernatur.
655 619 735 649 Nam
763 618 851 661 quod
876 630 936 662 pro
958 621 1001 650 Te
1036 621 1130 650 etiam
1157 621 1320 663 spondeo,
1347 624 1438 663 Baki,
1461 628 1518 657 Vir
1545 629 1618 659 ami·

143 669 284 708 (tissime,
306 670 386 701 facio
411 671 444 703 id
469 663 600 715 quidem
624 674 822 706 confidenter
836 699 844 713 ‚
867 686 961 713 cum,
992 677 1104 718 quanti
1125 683 1310 710 veteranum
1342 680 1430 713 huuc
1453 682 1617 716 literarum

143 731 325 757 nostrarum
357 727 511 760 cultorem
540 729 655 769 facias,
684 737 715 761 et
750 731 830 762 mihi
856 743 1004 775 persaepe
1030 733 1279 775 significaveris,
1310 743 1340 767 et
1379 748 1483 781 nuper
1521 742 1616 773 etiam

141 780 372 824 elegantissima
399 786 544 817 oratione
571 787 638 818 Tua
662 787 765 830 palam
791 788 1006 820 declaraveris.
1054 791 1164 833 Neque
1188 794 1236 823 Tu
1259 800 1324 823 tam
1349 794 1513 828 literarum
1533 808 1617 829 esses

141 847 275 878 amans,
307 841 369 873 nisi
395 841 479 873 idem
506 853 616 874 earum
647 845 802 876 antistites
830 857 974 883 Μυᾶνες,
1005 858 1109 889 neque
1141 847 1213 882 fieri
1241 849 1331 881 facile
1360 853 1484 894 possit,
1518 861 1554 885 ut
1582 856 1615 887 in

142 905 337 939 quemquam
371 904 476 938 tanta,
506 895 660 942 quantam
689 903 739 932 Tu
764 910 955 933 consecutus
984 913 1035 942 es,
1068 903 1230 936 doctrinae
1258 908 1348 950 copia
1370 915 1464 951 atque
1490 910 1618 944 ubertas

139 951 230 983 cadat
246 976 255 992 ,
286 954 349 985 nisi
375 956 468 997 quis,
505 963 543 986 ut
572 957 728 988 Miltiadis
754 964 883 1001 tropaea
917 959 1162 1001 Themistocles,
1193 963 1238 994 sic
1262 963 1510 997 clarissimorum
1536 969 1616 1000 viro·

138 1017 212 1038 rum
243 1010 388 1053 exempla
418 1011 486 1042 dies
511 1019 684 1055 noctesque
718 1015 890 1046 intueatur.
942 1017 995 1047 Me
1022 1017 1152 1059 quidem
1180 1019 1223 1049 ita
1255 1020 1327 1051 Tibi
1355 1023 1614 1056 commendatum

137 1074 206 1095 esse
231 1066 327 1108 cupio
344 1090 352 1106 ,
385 1073 421 1097 ut
443 1066 531 1097 fratri
556 1067 704 1108 fratrem,
729 1077 823 1113 atque
856 1082 913 1113 per
940 1071 1022 1115 ipsas
1054 1073 1110 1104 has
1141 1074 1264 1114 literas,
1298 1088 1436 1119 quarum
1468 1090 1613 1113 commu.

139 1130 181 1152 ne
203 1121 297 1153 nobis
325 1122 469 1162 studium
495 1130 560 1162 est,
585 1135 644 1156 oro
669 1127 713 1156 Te
737 1133 768 1157 et
794 1125 954 1166 obtestor,
981 1131 1142 1172 Spartam,
1165 1143 1262 1175 quam
1289 1134 1392 1164 sortiti
1422 1145 1550 1176 sumus,
1573 1139 1615 1170 ita

140 1186 312 1218 ornemus,
342 1185 379 1210 ut
402 1179 550 1211 homines
575 1192 643 1212 uon
666 1193 800 1214 munere
830 1190 955 1215 tantum
988 1192 1019 1216 et
1050 1188 1208 1227 statione,
1237 1189 1293 1221 sed
1325 1190 1434 1222 animo
1460 1195 1554 1224 etiam
1577 1205 1614 1227 ac

139 1232 327 1274 voluntate,
350 1237 541 1279 conjunctos
570 1248 630 1268 nos
654 1249 721 1270 esse
741 1240 971 1284 copulatosque
998 1242 1191 1287 intelligant.

184 1292 269 1322 ‘Vos
291 1298 398 1323 autem
419 1293 518 1324 nolite
543 1300 671 1336 putare,
702 1297 816 1339 optimi
842 1297 1087 1340 Adolescentes‚
1118 1308 1236 1334 temere
1264 1313 1299 1334 ac
1323 1303 1392 1334 sine
1419 1315 1512 1336 causa
1544 1306 1612 1350 lege

137 1357 204 1378 esse
227 1349 405 1387 sancitum,
443 1356 502 1389 ut,
532 1350 749 1395 quodcunque
775 1353 948 1396 aliquando
976 1357 1058 1388 vitae
1089 1369 1191 1400 genus
1216 1360 1283 1390 sitis
1312 1362 1475 1401 secuturi,
1499 1374 1611 1405 quem·

135 1403 308 1435 admodum
339 1407 480 1438 carmina
513 1417 531 1438 a
566 1409 643 1439 Jove
671 1412 799 1451 poetae,
826 1413 870 1442 sic
901 1414 967 1443 Vos
994 1414 1176 1446 studiorum
1203 1422 1382 1448 vestrorum
1414 1420 1611 1451 curriculum

135 1469 152 1489 a
174 1459 274 1492 literis
297 1462 479 1496 ordiamiui.
539 1466 609 1504 Qua
641 1465 730 1508 lege,
762 1468 879 1499 credite
913 1469 1009 1509 milii,
1042 1472 1200 1513 praeclare
1229 1474 1322 1504 vobis
1345 1475 1530 1506 consultum
1551 1483 1609 1509 est.

133 1516 336 1560 Quamquam
372 1520 452 1562 quid
488 1531 548 1563 ego
581 1521 620 1553 de
655 1523 804 1566 legibus,
844 1526 879 1556 in
910 1524 969 1558 hac
1004 1530 1189 1570 praesertim
1225 1531 1421 1563 sanctissima
1443 1534 1609 1564 Musarum

131 1573 229 1612 aede,
250 1575 342 1617 cujus
366 1576 472 1618 ipsum
499 1577 719 1620 pavimentum
747 1581 953 1624 loqueretur,
979 1584 1006 1614 si
1036 1595 1148 1616 omues
1182 1585 1285 1629 leges,
1311 1599 1485 1631 omnesque
1504 1597 1608 1621 orato-

134 1639 184 1660 res
205 1630 356 1662 silerent?
378 1633 412 1662 in
442 1632 504 1664 hoc
534 1633 783 1668 clarissimorum
815 1639 969 1670 Virorum
993 1652 1163 1679 consessu,
1186 1644 1243 1685 qui
1271 1655 1336 1676 non
1371 1646 1477 1688 legum
1499 1654 1607 1678 aucto-

134 1685 246 1725 ritate,
269 1687 326 1719 sed
343 1698 403 1720 suo
423 1690 483 1732 ipsi
501 1690 626 1732 judicio
650 1703 718 1732 eas,
738 1694 856 1737 quihus
881 1697 1001 1739 singuli
1023 1698 1201 1739 excellunt,
1224 1700 1409 1744 disciplinas
1443 1703 1605 1735 literarum

132 1751 205 1773 rore
236 1745 381 1787 rigarunt
405 1753 436 1778 et
468 1747 573 1780 adhuc
595 1751 742 1793 quotidie
767 1753 997 1794 pertundunt?
1041 1758 1163 1788 Horum
1186 1759 1342 1801 exemplis
1372 1769 1428 1791 vos
1463 1761 1607 1799 moveri,

130 1796 249 1830 horum
269 1800 416 1835 laudibus
444 1804 483 1835 ad
508 1805 649 1838 laborem
676 1815 707 1839 et
738 1808 866 1841 laudem
894 1822 951 1842 vos
979 1813 1137 1853 excitari,
1169 1813 1287 1845 horum
1325 1816 1542 1848 auctoritatem
1566 1817 1608 1848 le-

132 1854 182 1896 gis
202 1856 268 1887 vim
291 1859 377 1901 apud
401 1871 459 1892 vos
477 1861 608 1904 habere,
635 1872 771 1907 oportet.
826 1867 1083 1912 Quibuscunque
1105 1871 1192 1901 enim
1218 1872 1280 1901 orti
1307 1873 1382 1904 estis
1411 1873 1606 1915 majoribuS,

132 1918 267 1944 cunctus
298 1914 351 1947 ille
382 1919 514 1952 Senatus
546 1931 602 1953 vos
636 1929 839 1964 contemnet,
864 1927 891 1957 si
918 1937 976 1957 vos
1009 1926 1115 1959 literas
1147 1929 1369 1964 contemnetis.
1434 1930 1521 1973 Quid
1550 1937 1606 1961 sta·

911 1983 940 2015 D
963 1993 982 2015 2
1551 1986 1603 2028 tis2
