1913 2427
472 141 960 174 DIS-SERTATIO
1025 139 1376 172 JURIDICA.
1644 134 1688 171 35

161 230 245 262 «enim
256 235 317 260 tam
334 229 510 259 detestabilis
524 229 614 266 pestis
626 237 688 266 est,
712 237 784 266 quae
798 237 858 258 non
873 227 983 258 homini
1002 227 1036 256 ab
1053 228 1169 258 homine
1183 234 1328 256 nascatur.
1368 225 1570 254 Dicaearchus
1587 226 1659 254 enim
1671 246 1682 261 ,

164 282 362 320 philosophus
381 281 605 318 Peripateticus,
628 282 658 310 in
672 281 749 311 libro
769 289 825 310 suo
843 279 877 309 de
899 281 1022 308 interitu
1038 280 1182 308 hominum
1203 279 1218 315 (
1229 279 1289 315 5),
1308 277 1446 307 cicera-sc
1466 283 1555 312 teste,
1577 277 1678 305 ceteris

155 334 294 363 collectis
319 334 451 369 caussis,
473 333 635 369 eluvionis,
656 332 852 370 pestilentiae,
874 330 1033 368 similium,
1054 330 1211 368 probavit,
1236 331 1333 367 plures
1357 328 1465 357 deletos
1484 328 1613 357 homines
1630 329 1683 357 ho-

157 386 273 415 -minum
290 384 419 421 impetu,
440 385 519 413 velut
535 384 639 420 bellis,
662 391 711 413 aut
734 383 945 418 seditionibus,
968 390 1052 418 quam
1075 381 1153 411 omni
1178 381 1287 417 reliqua
1310 380 1478 409 calamitate.

202 436 344 471 Homines
368 436 425 465 sibi
449 434 572 465 invicem
599 437 736 472 prodesse
764 443 870 471 posse,
897 441 925 463 et
953 435 1019 463 inde
1040 434 1159 463 aliorum
1185 434 1297 462 animos
1328 432 1413 460 nobis
1439 440 1502 459 esse
1526 431 1681 460 concilian-

159 489 234 524 dos,
251 488 360 524 probat
381 496 415 516 ex
435 494 538 517 mutuo
559 488 687 523 auxilio,
713 488 792 523 quod
814 486 902 515 homo
925 485 1035 515 homini
1054 485 1084 514 in
1111 484 1249 514 societate
1272 490 1414 521 praestare
1437 482 1548 512 debeat.
1588 483 1680 511 Plera-

161 537 219 577 que
240 539 334 575 enim,
358 548 430 575 quae
455 539 580 568 inanima
606 539 758 574 dicuntur,
780 537 930 567 hominum
952 537 1047 573 operIS
1074 536 1174 565 effecta
1194 543 1283 571 sunt,
1313 544 1384 572 quae
1406 543 1465 564 non
1491 535 1678 569 haberemus,

157 591 219 621 nisi
242 599 342 620 manus
365 598 393 619 et
413 599 458 619 ars
479 591 660 620 accessisset.
700 589 810 618 Deinde
829 597 865 617 ne
887 587 1002 617 fructus
1029 588 1144 624 quidem
1171 594 1199 616 et
1220 587 1440 616 commoditates
1462 595 1477 614 a
1496 586 1598 614 bestiis
1616 593 1678 621 per-

158 643 219 679 cipi
241 642 428 679 potuissent,
449 642 507 671 nisi
532 641 663 670 homines
678 641 864 677 adjuvarent3
885 641 965 668 nulla
981 638 1154 668 valetudinis
1178 638 1307 673 curatio,
1329 639 1407 666 nulla
1425 644 1601 672 mercatura,
1630 645 1680 668 na-

159 694 290 730 vigatio,
316 694 490 731 agricultura
509 693 608 728 nulla,
635 692 715 721 nulla
745 692 849 720 artIum
879 691 1035 719 multitudo
1065 690 1180 719 inventa
1197 709 1209 725 ‚
1235 689 1331 717 nullae
1359 688 1462 723 urbes„
1493 688 1573 716 nulla
1595 688 1679 723 jura,

156 745 257 774 nullae
276 745 372 781 leges,
393 744 542 779 multaque
565 743 620 772 alia
642 752 702 772 non
727 749 844 778 essent,
865 742 929 771 sine
950 741 1167 778 conspiratione
1184 747 1211 768 et
1228 748 1371 769 consensu
1395 739 1560 768 hominum.
1601 738 1679 767 Cum

158 795 248 833 igitur
271 795 397 824 dubitari
419 800 558 830 nequeat,
588 795 658 831 quin
680 794 812 823 homines
847 793 1002 830 plurimum
1033 792 1199 821 hominibus
1230 798 1257 820 et
1278 791 1393 827 prosint
1416 796 1444 818 et
1469 789 1583 824 obsint;
1612 798 1682 826 pro-

159 846 258 883 prium
276 846 334 875 hoc
363 854 426 874 esse
453 846 570 874 virtutis
596 852 714 882 monet,
742 845 896 874 conciliare
923 845 1034 873 animos
1063 843 1214 872 hominum
1244 850 1271 871 et
1295 843 1330 871 ad
1359 850 1429 870 usus
1459 849 1529 870 suos
1555 840 1610 869 sibi
1632 841 1681 870 ad-

155 899 286 936 jungere.
326 897 408 934 Quae
428 897 524 926 studia
547 897 697 926 hominum
725 898 761 926 ad
790 897 934 934 augendas
960 904 1004 924 res
1034 902 1148 924 nostras
1171 901 1283 931 promta
1315 902 1346 922 ac
1373 898 1487 929 parata,
1517 900 1577 921 non
1599 893 1681 921 aliter

159 957 246 986 quam
267 949 407 985 sapientia
427 949 518 985 parari
542 949 610 986 (6)
635 956 662 978 et
683 948 800 978 virtute.
841 948 924 987 Quae
946 953 1111 983 sequuntur
1131 947 1165 975 de
1188 946 1333 975 divisione
1354 945 1475 975 vlrtutis
1498 944 1526 973 in
1549 944 1602 972 tria
1623 943 1680 974 Ca-

160 1000 241 1036 pita,
264 1000 435 1036 quibusdam
452 1001 523 1030 viris
538 1001 632 1029 doctis
651 1000 772 1031 insititia
792 1000 945 1034 videntur,
966 1007 1033 1027 cum
1051 1006 1231 1034 supervacua
1250 997 1327 1032 sint,
1349 1002 1376 1025 et
1389 998 1529 1028 virtutem
1550 995 1613 1032 (L.
1630 994 1682 1031 Ι.)

154 1051 275 1087 saepius
292 1051 423 1080 diviserit
441 1052 472 1081 in
493 1059 617 1088 quatuor
638 1053 651 1083 ζ
662 1053 715 1089 7).
754 1051 827 1080 Pace
851 1058 945 1079 tamen
968 1057 1111 1079 tantorum
1134 1049 1261 1078 virorum
1286 1057 1369 1078 secus
1391 1047 1462 1084 mihi
1482 1047 1607 1076 videtur.
1646 1044 1680 1074 Si

153 1102 233 1132 enim
260 1102 354 1131 animo
382 1104 561 1132 advertamus
589 1104 733 1133 Ciceronis
766 1101 986 1140 argumentandi
1017 1101 1183 1130 methodum
1203 1121 1214 1136 ‚
1243 1098 1311 1128 haec
1342 1099 1421 1127 salva
1447 1105 1510 1129 esse
1539 1103 1676 1135 possunt.

151 1153 238 1183 Solet
259 1154 334 1183 enim
359 1154 458 1184 Cicero
486 1156 689 1193 cujuscunque
713 1155 869 1183 sententiae
892 1154 951 1183 vim
971 1159 1000 1182 et
1021 1153 1160 1182 rationem
1186 1152 1275 1181 altius
1296 1157 1433 1187 repetere:
1464 1150 1526 1186 sic,
1558 1149 1673 1178 animos

156 1205 308 1236 hominum
333 1206 394 1235 sola
417 1206 526 1235 virtute
550 1206 729 1242 conciliari,
758 1214 791 1235 ex
816 1206 908 1243 ipsius
935 1204 1055 1235 virtutis
1085 1211 1186 1233 natura
1216 1202 1337 1240 probare
1367 1201 1473 1231 voluit.
1520 1201 1621 1238 Itaque
1644 1205 1679 1229 ut

156 1257 213 1294 (1,
235 1266 273 1293 4,
295 1264 349 1294 5.)
372 1258 484 1286 honesti
501 1265 626 1294 quatuor
645 1257 746 1295 posuit
765 1265 880 1294 partes,
911 1257 953 1286 sic
977 1257 1024 1286 hic
1047 1262 1105 1284 tres
1134 1255 1252 1284 virtutis
1275 1253 1388 1290 specles
1412 1251 1532 1289 posuit,
1554 1259 1678 1288 quarum

153 1307 250 1344 prima
277 1315 352 1337 esset
384 1309 567 1347 prudentia,
594 1310 690 1345 posita
721 1309 751 1338 in
779 1308 1008 1345 perspiciendo,
1039 1307 1111 1343 quid
1139 1306 1170 1335 in
1202 1314 1317 1341 quaque
1340 1312 1369 1332 re
1396 1312 1494 1331 verum
1523 1303 1681 1332 sincerum-

159 1366 216 1395 que
233 1359 293 1394 sit3
308 1374 345 1380 -
363 1360 488 1388 secunda
512 1359 642 1388 continet
662 1359 754 1388 officia
774 1360 979 1395 cujuscunque
1001 1365 1066 1394 erga
1083 1365 1114 1385 se
1131 1356 1246 1393 ipsum:
1277 1361 1310 1384 ut
1327 1362 1430 1391 nempe
1450 1353 1576 1390 quisque
1598 1352 1680 1382 cohi-

157 1410 223 1438 beat
244 1415 343 1438 motus
364 1409 451 1438 animi
469 1410 673 1445 perturbatos,
695 1418 770 1445 quos
788 1407 892 1438 Graeci
906 1410 977 1443 παθῆ
998 1414 1119 1437 vocant:
1141 1422 1174 1428 —
1191 1414 1218 1436 et
1238 1412 1401 1443 postrema,
1422 1413 1487 1442 erga
1500 1405 1593 1440 alios,
1616 1403 1680 1440 qui-

157 1461 216 1490 bus
231 1469 297 1489 cum
315 1468 524 1497 congregamur
543 1462 619 1496 (8).
665 1460 707 1489 At
733 1469 793 1489 non
816 1466 927 1489 tantum
950 1459 1059 1488 virtute
1086 1459 1239 1488 hominum
1265 1457 1361 1487 studia
1385 1456 1562 1486 concilianda
1589 1461 1679 1490 sunt,

156 1519 256 1541 verum
279 1512 362 1541 etiam
388 1520 516 1548 magnam
535 1511 593 1540 vim
615 1510 699 1540 habet
721 1510 839 1540 fortuna
864 1511 894 1539 in
915 1517 1066 1545 utramque
1087 1516 1213 1546 partem,
1235 1517 1279 1538 res
1299 1508 1439 1538 secundas
1465 1508 1509 1536 vel
1533 1507 1679 1536 adversas.

157 1562 226 1592 illae
246 1564 380 1592 oriuntur
401 1571 434 1591 ex
452 1563 538 1591 rebus
559 1561 692 1590 inanimis
712 1568 739 1589 et
765 1562 885 1597 bestiis,
912 1568 961 1590 aut
986 1569 1020 1589 ex
1045 1561 1073 1588 vi
1102 1560 1246 1596 factisque
1268 1561 1376 1588 entium
1404 1558 1512 1587 ratione
1537 1557 1680 1594 praedito·

154 1622 221 1642 ‘rum
245 1621 272 1642 et
294 1614 424 1643 libertate
445 1613 640 1650 gaudentium.
682 1612 795 1641 Priores
819 1621 905 1642 casus
931 1618 1001 1641 sunt
1028 1611 1168 1641 rarioresz
1198 1611 1372 1648 posteriores
1398 1618 1485 1644 vero,
1506 1615 1679 1645 quamquam

158 1663 295 1700 fortuiti,
314 1671 411 1694 tamen
435 1664 498 1693 sine
521 1665 669 1693 hominum
693 1664 800 1701 opibus
823 1671 851 1693 et
871 1664 974 1693 studiis
998 1670 1128 1693 neutram
1151 1663 1181 1693 in
1205 1669 1314 1700 partem
1337 1661 1408 1692 effici
1428 1667 1554 1698 possunt
1576 1660 1653 1696 (9).

1609 1709 1681 1739 His-

182 1782 236 1811 (5)
249 1783 293 1810 Off.
309 1783 344 1810 11,
361 1788 383 1807 s·
410 1781 486 1804 'Seuera
500 1783 544 1810 Ep.
561 1787 608 1808 ῐο3.
639 1783 674 1804 De
693 1783 819 1805 Dicaearcho
834 1784 950 1811 Heusinger
967 1783 996 1805 ad
1007 1783 1028 1806 h.
1041 1784 1058 1805 1.
1087 1783 1172 1805 Emmn'
1187 1783 1210 1805 u'n
1229 1782 1276 1806 [Μ.
1288 1781 1345 1805 ΗΜ.
1363 1782 1385 1804 ι’·
1396 1788 1419 1806 ν.
1448 1780 1532 1810 Jmo‘m
1548 1779 1573 1802 d·
1589 1778 1678 1806 §ersm-

158 1825 204 1848 mn.
219 1825 267 1846 mm
299 1826 323 1847 ι..
337 1826 355 1846 ι.
379 1831 399 1846 c.
419 1827 451 1847 ιε.
483 1825 544 1852 Krug
559 1825 628 1847 emt..
642 1825 679 1846 aer
695 1825 752 1847 em.
768 1825 788 1853 §-
801 1830 837 1852 99.
870 1825 915 1847 No.
927 1825 953 1848 c.
974 1831 998 1852 p.
1014 1828 1057 1851 274
1070 1830 1107 1852 sq.
1240 1813 1249 1825 “

186 1865 240 1893 (6)
255 1866 288 1888 Do
302 1865 346 1892 ομ
362 1865 395 1891 11.
411 1873 440 1894 ⁴,
457 1872 478 1892 s.

187 1907 241 1934 (7)
258 1906 290 1929 lta
303 1907 371 1928 sentit
383 1908 522 1934 hacsi-larun
537 1913 589 1929 cum
603 1914 632 1930 eo
649 1908 677 1937 J.
695 1908 732 1930 M.
747 1909 860 1935 linuffrngor
874 1907 902 1928 ad
921 1907 943 1928 h.
957 1908 974 1929 Ι,

186 1947 240 1975 (8)
258 1948 308 1970 Vid.
328 1949 452 1974 cerviam.
473 1950 494 1971 h.
506 1951 521 1971 Ι.
553 1945 621 1971 Garve
633 1966 640 1978 ,
661 1950 677 1972 Ι.
689 1951 725 1971 dt.
750 1949 776 1971 Τ.
793 1949 831 1972 [Η.
852 1955 874 1976 Ρ,
888 1950 916 1974 87
931 1954 981 1977 Sqq·

190 1989 240 2018 (ο)
253 1989 352 2012 mustra
365 1991 420 2012 lucc
433 1989 542 2019 exemplis
559 1993 642 2019 Carvo,
664 1991 692 2016 Τ.
709 1991 756 2019 lll,
777 1997 801 2019 p·
816 1990 843 2018 89
858 1995 909 2017 sqq.

968 2030 1033 2061 El?-
