1913 2427
676 136 1054 172 ORATIO.
1564 149 1600 183 17

138 238 273 282 reliquas
303 236 398 268 etiam
430 234 540 276 Syriae
564 234 771 276 provincias,
806 231 1054 263 Christianorum
1088 229 1234 262 manibus
1265 230 1422 273 eripiam5
1455 241 1519 274 per
1540 232 1602 264 lma

136 306 193 338 ego
214 304 306 332 mate
328 293 455 334 ejusque
481 290 595 322 insulas
613 297 643 321 et
666 290 787 321 dissitas
809 290 950 330 regiones
973 291 1204 326 circumvectus,
1238 286 1365 319 devotos
1399 295 1524 319 nostrae
1559 289 1601 319 le·

132 352 183 393 gis
203 350 400 381 adversarios
422 349 615 380 interneciuo
635 347 715 378 bello
728 354 921 389 persequar;
945 355 1002 375 nec
1012 347 1103 387 prius
1120 344 1163 374 ab
1184 345 1306 385 incepto
1320 343 1484 383 desistam,
1507 354 1601 385 quam

133 414 192 438 auc
220 409 306 448 operi
329 407 511 443 immoriar,
541 411 598 434 aut
621 402 723 434 nullus
746 403 815 434 Dei
837 402 933 434 hostis
951 409 1016 433 toto
1037 402 1113 432 orbe
1133 409 1285 432 terrarum
1305 401 1517 444 relinquatur.

128 478 131 480 ·
175 463 270 503 Quod
295 463 464 505 agitaverat
486 463 595 493 animo
621 460 803 497 Saladinus‚
827 466 863 490 ut
883 458 1094 490 Orientalium
1120 469 1206 489 arma
1225 469 1265 489 ex
1284 458 1359 489 Asia
1385 459 1419 489 in
1439 461 1597 501 Europam

127 519 330 558 transferret,
353 519 437 550 idem
462 519 636 550 recentiore
661 524 825 560 tempore,
850 523 958 559 optato
985 516 1092 552 exitu,
1117 517 1236 545 Turcae
1261 514 1473 546 Othmanidae
1498 513 1599 557 perfe-

129 583 251 609 cerunt.
290 578 438 616 Quorum
462 576 488 606 si
516 575 681 618 ingenium
702 580 844 604 accurate
865 571 1192 609 consideraverimus,
1221 582 1275 602 eos
1307 582 1374 602 non
1401 571 1526 601 minore
1549 582 1598 601 sa·

130 632 176 665 cri
204 633 278 664 belli
302 632 431 675 gerendi
453 632 564 663 ardore
587 631 733 673 flagrasse
760 631 960 673 reperiemus.
1008 630 1151 659 Moverat
1181 628 1264 658 inter
1292 627 1370 658 alios
1401 627 1462 658 hoc
1490 638 1598 658 rerum

129 690 311 721 divinarum
330 688 489 726 studium,
516 687 592 717 haec
619 698 713 723 cura,
739 685 948 716 fortissimum
972 685 1169 727 Principem,
1202 683 1415 714 Amurathum
1436 684 1596 726 primum,

126 753 165 778 ut
189 757 267 789 quas
295 755 393 776 novas
432 743 630 786 delectasque
664 743 811 774 cohortes
846 742 1054 773 instituendas
1091 739 1346 782 ordinandasque
1387 740 1596 781 suscepisset,

127 804 251 836 easdem
279 803 436 834 invictum
470 800 749 845 propugnaculum
781 799 942 841 religionis
969 810 1036 829 non
1067 798 1174 828 minus
1193 820 1202 835 ,
1233 807 1330 838 quam
1356 797 1500 838 imperii,
1530 795 1598 825 fore

128 851 319 891 decerneret.
367 859 522 902 Captivos
542 868 658 901 pueros
673 881 683 896 ,
708 856 892 900 parentibus
914 863 1054 898 ereptos,
1079 855 1175 886 armis
1199 853 1368 885 tractandis
1390 853 1527 892 erudiri,
1549 853 1593 884 le·

129 917 178 958 gis
201 915 402 946 Moslemicae
432 908 606 957 praeceptis
634 914 775 951 initiari,
812 912 985 945 Christiani
1012 912 1154 942 nominis
1182 910 1256 942 odio
1284 917 1315 942 et
1342 916 1503 941 contemtu
1541 910 1599 940 im-

122 971 185 1003 'bui
222 978 256 1002 et
292 971 418 1014 impleri
446 970 548 1013 jubet.
602 971 665 1011 Qui
693 981 767 1001 cum
798 970 837 1001 ad
862 980 1004 1013 pugnam
1032 969 1099 1010 jam
1133 968 1234 1010 parati
1260 973 1379 1005 essent,
1409 973 1440 997 et
1469 967 1502 996 in
1524 976 1598 1009 pro·

120 1029 231 1060 'cinctu
267 1029 493 1065 consisterent,
526 1028 576 1059 vir
604 1028 735 1071 quidam
764 1039 893 1059 morum
927 1020 1123 1068 integritate,
1147 1024 1229 1055 vitae
1254 1024 1412 1054 solitariae
1426 1023 1596 1053 continen-

126 1085 189 1123 tia,
221 1086 490 1115 sanctissimarum
516 1085 627 1127 peritia
661 1085 767 1127 legum
798 1083 996 1128 spectabilis,
1018 1082 1108 1124 jussu
1134 1081 1246 1123 Regis,
1279 1080 1464 1116 adducitur,
1489 1086 1525 1110 ut
1549 1089 1598 1109 sa·

122 1142 190 1173 ‘cris
213 1141 438 1178 bellatoribus,
463 1142 555 1184 qnasi
572 1141 700 1171 Oraculi
717 1153 812 1179 voce,
835 1140 1019 1171 firmitatem
1043 1145 1076 1169 et
1103 1137 1317 1175 constantiam
1336 1136 1476 1168 adderet.
1521 1136 1595 1175 Hic,

122 1199 158 1229 in
183 1199 318 1241 primam
346 1199 443 1229 aciem
472 1208 674 1240 progressus,
698 1208 796 1228 manu
831 1204 995 1241 protensa,
1026 1195 1105 1227 haec
1142 1194 1238 1226 verba
1275 1193 1423 1225 effudisse
1453 1193 1591 1225 dicitur:

123 1255 196 1288 Hos
224 1266 345 1286 novam
377 1256 527 1288 militiam
556 1258 663 1286 vocari
689 1253 832 1297 impelo!
877 1254 1005 1286 Horum
1033 1254 1071 1282 sit
1101 1253 1133 1282 in
1162 1257 1354 1294 perpetuum
1377 1250 1502 1280 habitus
1531 1249 1596 1280 illu-

121 1314 188 1343 stris
201 1336 211 1350 ,
234 1313 314 1343 ensis
337 1319 465 1350 acutus,
487 1312 622 1342 dextera
646 1310 785 1343 victrix!
790 1344 792 1346 ,
830 1310 892 1342 His
914 1319 1087 1353 appoecor,
1117 1314 1152 1338 uc
1178 1307 1312 1338 hostium
1341 1307 1510 1338 cervicibus
1528 1317 1596 1339 cer-

119 1369 272 1400 tissimum
298 1369 435 1400 exitium
461 1370 684 1411 interitumque
711 1365 885 1399 minentur!
928 1366 974 1397 Hi
997 1364 1151 1407 denique,
1171 1375 1361 1406 quocunque
1384 1374 1414 1394 se
1429 1366 1593 1407 verterint,

119 1423 262 1455 debitum
280 1424 449 1464 honorem,
474 1424 603 1456 laudem
623 1432 656 1455 et
671 1424 808 1466 glorium
827 1419 1078 1465 consequantur!
1124 1422 1213 1460 Quae
1238 1420 1452 1459 consecratio,
1481 1420 1592 1451 divino

121 1491 221 1523 paene
246 1481 353 1513 furore
385 1488 417 1512 et
446 1482 567 1524 impetu
605 1481 836 1524 pronunciata,
868 1485 1027 1521 quantum
1063 1476 1103 1508 ad
1135 1476 1308 1508 acuendam
1345 1475 1592 1508 fortissimorum

122 1537 268 1568 viromm
296 1537 443 1569 ferociam
462 1537 646 1576 contulerit,
672 1545 736 1569 tota
763 1535 991 1568 luctuosissimi
1022 1533 1108 1564 illius
1137 1534 1205 1565 aevi
1230 1533 1427 1564 demonstrat
1449 1533 1594 1567 historia.

120 1593 221 1624 Testis
249 1600 297 1625 est
323 1594 504 1625 barbaricae
529 1595 656 1625 virtutis
683 1593 806 1636 proelio
829 1593 991 1623 Canovico
1012 1591 1136 1623 devicta
1159 1597 1190 1622 et
1211 1590 1245 1621 in
1262 1590 1447 1621 servitutem
1468 1589 1592 1622 redacta

120 1648 303 1692 Illyriorum
324 1651 431 1682 natio:
455 1657 549 1682 testes
573 1650 832 1682 Christianorum
855 1649 1011 1691 sanguine
1032 1648 1218 1687 madentes,
1236 1653 1269 1678 et
1293 1647 1589 1689 potentissimorum

119 1707 303 1749 principum
328 1707 422 1738 caede
444 1707 622 1745 nobilitati,
645 1707 870 1738 Warnensium
894 1706 1017 1748 campi:
1046 1705 1134 1736 testis
1162 1704 1230 1746 ipsa
1263 1703 1303 1734 ad
1328 1709 1506 1734 extremum
1536 1714 1590 1734 ex-

120 1770 261 1805 pugnata
285 1764 606 1807 Constantinopolis,
637 1771 668 1794 et
705 1762 925 1794 crudelissimo
961 1762 1074 1792 vic‘tori
1112 1771 1220 1804 parere
1249 1765 1374 1790 coacta:
1411 1766 1504 1791 testes
1534 1759 1589 1791 de-

120 1817 200 1850 letae
227 1822 416 1863 Byzantinae
446 1820 537 1852 urbis
567 1820 692 1852 excidio
717 1820 853 1851 Romani
883 1818 1048 1862 quondam
1086 1817 1213 1860 imperii
1244 1814 1414 1858 reliquiae!
1460 1818 1588 1847 Possem

120 1884 181 1917 ego
208 1887 247 1906 ex
273 1877 417 1909 Turcicis
443 1877 572 1909 illorum
597 1884 779 1920 temporum
804 1876 974 1907 annalibus
1000 1874 1094 1918 plura
1117 1874 1211 1905 etiam
1234 1871 1392 1915 proferre,
1414 1871 1587 1915 eademque

121 1931 280 1974 insignia,
314 1935 486 1976 specimina
516 1934 740 1972 fortitudinis,
777 1944 851 1965 cum
883 1932 1107 1976 superstitione
1132 1930 1332 1972 conjunctae.
1389 1931 1431 1960 At
1468 1928 1587 1971 longio-

119 1996 154 2020 re
184 1988 267 2031 quid
296 1990 427 2033 ambage
465 2002 523 2023 vos
557 2002 664 2023 morer
703 1997 735 2023 et
773 1989 952 2028 detineam,
983 1990 1024 2022 A.
1042 1987 1107 2023 Ast
1149 1985 1384 2020 Mohammedis
1419 1984 1459 2016 de
1497 1985 1584 2021 bello

893 2047 918 2077 C
1533 2050 1583 2072 sa-
