1913 2427
504 122 986 156 DISSERTATIO
1053 124 1430 175 JURIDICXq
1669 122 1710 160 61

197 211 350 249 perantiam
363 211 498 247 laudare,
520 212 569 248 qui
586 219 675 249 ponat
695 220 837 241 summum
852 213 882 242 in
899 213 1050 250 voluptate
1065 212 1195 245 bonum:
1217 220 1261 244 est
1271 214 1344 243 enim
1359 214 1542 252 temperantia
1554 214 1720 250 libidinum

197 265 322 294 inimica.
362 263 466 292 Paucis
483 263 576 292 verbis
593 265 781 300 complectar:
803 273 869 293 cum
887 264 1035 294 docuisset
1052 265 1172 302 Cicero,
1193 267 1301 295 nullam
1314 266 1464 296 utilitatem
1488 275 1550 297 esse
1565 264 1712 295 honestati

195 317 384 350 contrariam3
402 315 448 343 hic
466 323 577 344 omnem
593 317 768 352 voluptatem
786 316 856 345 dicit
872 316 1017 345 honestati
1034 318 1205 357 contrariam*
1217 327 1291 347 esse.
1314 317 1382 355 Quo
1398 319 1488 356 magis
1505 318 1710 356 reprehenden-

194 368 248 396 dos
267 373 349 403 putat
365 365 559 403 Calliphanam
585 374 612 395 et
636 367 867 403 Dinomachum,
891 369 942 404 qui
963 377 993 397 se
1006 370 1231 399 controversiam
1251 369 1424 399 diremturos
1444 371 1664 407 judicaverunt,
1685 368 1711 397 si

197 426 341 448 summum
359 417 466 445 bonum
484 426 546 446 esse
569 424 723 447 statuerent
738 419 916 448 honestatem
936 428 1001 448 cum
1018 421 1167 456 voluptate
1189 421 1372 457 conjunctam
1389 423 1426 458 (8
1432 424 1485 459 5).
1526 422 1595 450 Non
1608 420 1711 457 recipit

194 470 269 498 enim
285 469 368 497 istam
392 468 625 505 conjunctionem
641 470 792 505 honestas,
812 478 980 506 aspernatur
997 471 1183 507 repellitque3
1206 481 1257 502 nec
1275 481 1342 501 vero
1362 473 1428 501 finis
1444 473 1587 502 bonorum
1609 479 1636 501 et
1652 481 1710 501 ma-

172 518 309 553 iorum,
340 520 390 555 qui
419 519 539 556 simplex
564 529 627 549 esse
649 521 749 555 debet,
779 529 812 548 ex
831 521 995 557 disparibus
1023 514 1107 551 rebus
1138 523 1251 551 misceri
1279 530 1306 552 et
1333 524 1480 560 temperari
1506 530 1613 561 potest.
1654 523 1710 552 Sed

192 578 259 599 tum
275 572 342 598 haec
366 570 422 598 alio
438 571 504 599 loco
523 571 692 607 explicuerit
711 571 842 606 Tullios,
871 572 987 602 silentio
1012 574 1198 609 omittamus,
1225 581 1252 603 et
1276 575 1311 603 ad
1336 575 1521 612 propositum
1547 576 1706 604 redeamus.

195 641 214 658 ,‚
234 620 531 659 Quemadmodum‚’'
560 622 674 658 inquit,
702 622 800 651 Cicero
831 643 849 658 „
870 623 978 659 igitur,
1008 624 1151 660 siquando
1179 634 1229 661 ea,
1257 634 1329 661 quae
1358 626 1470 655 videtur
1498 626 1627 661 utilitas,
1656 626 1709 654 ho-

194 693 214 709 „
233 673 334 701 nestati
357 679 514 709 repugnat,
536 673 716 710 dijudicanda
741 681 784 702 res
806 673 863 709 sit,
892 674 963 703 satis
985 682 1029 703 est
1052 684 1140 712 supra
1165 676 1362 712 disputatum:
1392 676 1437 706 sin
1465 684 1558 706 autem
1585 678 1709 714 speciem

194 743 214 760 „
235 724 368 752 utilitatis
390 723 475 752 etiam
493 724 629 759 voluptas
647 724 747 753 habere
763 724 891 761 dicetur,
914 726 995 754 nulla
1020 733 1116 762 potest
1138 735 1202 757 esse
1220 728 1244 756 ei
1265 736 1331 757 cum
1350 729 1499 758 honestate
1524 729 1706 766 conjunctio.

198 793 219 810 „
238 774 312 803 Nam
335 781 367 803 ut
381 774 544 804 tribuamus
557 774 667 812 aliquid
683 777 847 814 voluptati,
869 777 1046 807 condimenti
1066 778 1190 808 fortasse
1207 780 1360 817 nonnihil,
1382 780 1524 814 utilitatis
1540 787 1615 810 certe
1636 780 1709 810 nihil

192 844 212 862 ‚,
231 824 359 855 habebit.
368 825 388 840 ’'

228 1083 275 1112 Sic
297 1081 409 1111 tandem
428 1080 463 1110 ad
485 1081 570 1110 finem
595 1083 778 1119 pervenimus
801 1084 1027 1120 elegantissimae
1051 1084 1086 1113 de
1109 1084 1214 1122 Officiis
1235 1083 1464 1121 disputationis3
1488 1084 1518 1113 in
1535 1093 1590 1121 qua
1615 1087 1706 1123 expli-

191 1137 283 1166 canda
299 1135 373 1164 forte
391 1133 507 1171 longior
523 1133 588 1170 fui,
610 1144 694 1172 quam
712 1145 762 1173 par
777 1143 840 1171 est,
863 1142 890 1165 et
906 1144 982 1165 certe
998 1134 1069 1165 mihi
1085 1135 1141 1163 fuit
1155 1135 1289 1172 animus;
1314 1136 1365 1164 sed·
1379 1143 1470 1164 rerum
1487 1137 1570 1173 copia
1586 1144 1613 1166 et
1626 1139 1709 1173 ubet-

191 1193 248 1217 tate
259 1207 270 1222 ‚
292 1186 447 1222 ipsiusque
461 1185 556 1221 operis
569 1187 725 1223 elegantia,
747 1188 906 1223 abductus,
929 1188 1014 1217 facile
1029 1196 1074 1216 me
1092 1189 1201 1217 veniam
1217 1188 1434 1224 impetraturum
1452 1198 1548 1226 spero.
1569 1190 1645 1220 Illud
1658 1200 1708 1221 au·

187 1245 242 1267 tem
267 1236 338 1265 mihi
361 1235 436 1264 forte
460 1244 621 1272 superesset
634 1258 644 1273 ‚
667 1245 700 1267 ut
715 1239 750 1267 de
766 1239 974 1269 Ciceronianae
989 1239 1192 1276 philosophiae
1211 1246 1237 1268 et
1253 1240 1496 1277 jurisprudentiae
1511 1244 1705 1281 praestantia,

190 1289 384 1324 laudibusque
396 1288 582 1317 dissererem:
605 1290 655 1318 sed
671 1298 737 1319 cum
756 1291 902 1320 doctiores
917 1291 1008 1321 fuisse
1026 1293 1113 1321 sciam
1125 1313 1135 1327 ‚
1156 1292 1206 1327 qui
1222 1293 1276 1321 hoc
1298 1300 1495 1330 argumentum
1512 1304 1623 1326 summa
1640 1305 1708 1328 cum

185 1340 269 1368 laude
287 1345 446 1368 tractarunt
469 1339 574 1376 (86),
605 1350 648 1369 me
671 1342 705 1370 ab
732 1342 783 1371 illo
808 1343 904 1372 officio
928 1344 1071 1372 discedere
1091 1351 1179 1380 posse
1203 1344 1343 1379 arbitror,
1366 1353 1402 1374 ne
1423 1346 1491 1382 plus
1519 1349 1606 1376 semel
1632 1349 1708 1379 dicta

182 1390 285 1419 iterum
311 1389 414 1418 dicam.
454 1388 500 1418 Ex
527 1390 573 1419 his
605 1392 701 1427 enim,
729 1401 818 1429 quae,
843 1402 903 1422 non
928 1399 962 1422 ut
990 1393 1102 1429 debui,
1125 1394 1174 1423 sed
1197 1400 1228 1422 ut
1252 1395 1355 1430 potui,
1385 1404 1439 1432 ego
1461 1398 1606 1434 exposui,
1635 1401 1704 1430 satis

185 1441 274 1471 nobis
304 1446 437 1475 constat,
471 1441 506 1469 de
535 1441 614 1471 hisce
639 1443 721 1473 libris
747 1445 861 1482 valere,
893 1445 973 1480 quod
1004 1444 1122 1474 Plim'us
1139 1466 1149 1480 ‚
1184 1446 1218 1474 de
1248 1445 1329 1474 libris
1361 1447 1502 1476 Panaetii
1531 1449 1566 1477 de
1602 1450 1705 1490 Officiis

188 1491 298 1529 egregie
326 1490 416 1520 dixit:
453 1491 513 1520 Illa
539 1494 601 1525 scil.
632 1495 779 1524 volumina
803 1496 972 1532 ediscenda‚
1001 1506 1057 1525 non
1081 1497 1160 1525 modo
1187 1498 1219 1525 in
1249 1498 1380 1527 manibus
1413 1500 1541 1538 qwott‘die
1573 1503 1706 1533 habenda

188 1550 263 1579 mc3
284 1549 312 1571 et
335 1541 431 1570 verbis
453 1542 501 1572 Cl.
521 1542 715 1581 Barbeyracii
737 1546 824 1584 (87)
855 1546 1079 1582 disputationem
1111 1548 1225 1577 finiam:
1267 1569 1286 1585 „
1307 1549 1357 1578 Cet
1388 1551 1528 1581 excellent
1557 1562 1703 1593 ouvrage,

1613 1625 1633 1642 „
1652 1616 1707 1647 que

213 1699 281 1730 (25)
293 1699 328 1721 De
342 1699 419 1721 horum
439 1699 620 1728 philosophorum
639 1701 739 1726 doctrina
753 1704 800 1728 vici.
818 1705 863 1728 Cic.
877 1706 903 1728 de
918 1705 967 1728 m.
983 1706 1015 1734 V,
1033 1708 1054 1729 8.
1090 1707 1155 1730 Tuae.
1172 1709 1203 1737 ρ,
1217 1709 1252 1737 V,
1268 1715 1304 1736 ³0·
1331 1711 1370 1733 Ac.
1385 1710 1476 1740 Quae-re.
1497 1712 1543 1738 lv,
1559 1719 1597 1740 ⁴2.
1625 1712 1652 1740 J.
1669 1713 1702 1736 Μ.

185 1742 303 1770 heusinger
318 1742 347 1762 ad
359 1742 382 1764 h.
393 1741 412 1764 l·

216 1783 280 1810 (¹⁶)
294 1782 446 1806 Commendari
462 1788 556 1810 possunt
571 1784 608 1806 c).
617 1784 730 1808 Pen'zom'i
744 1787 820 1810 Oratio
830 1789 856 1810 de
869 1789 976 1811 Ciceronis
991 1790 1108 1812 eruditione
1121 1794 1144 1812 ee
1158 1792 1280 1819 industria,
1296 1795 1318 1814 et
1332 1792 1380 1815 Chr.
1396 1793 1486 1816 Metnm
1501 1795 1563 1817 Ome.
1581 1795 1613 1817 De
1627 1796 1703 1819 Philas.

186 1823 308 1852 ciceronia,
329 1824 414 1852 ejusque
428 1824 449 1845 in
465 1825 582 1849 univermm
595 1826 747 1855 philosophiam
763 1830 858 1856 meritis-,-
874 1829 895 1851 in
912 1829 960 1857 ejus
976 1831 1104 1854 Vermt'sclzte
1117 1832 1175 1855 Phil.
1190 1833 1310 1860 Schriften,
1327 1834 1394 1857 Tora.
1413 1836 1429 1856 1.
1453 1842 1477 1862 p.
1491 1842 1534 1864 274
1547 1842 1599 1864 sqq.
1620 1837 1655 1859 ne
1669 1837 1703 1859 α·

187 1865 269 1888 «mnu
285 1864 306 1887 in
325 1864 502 1893 jurisprudentia
522 1866 605 1889 ueritis
619 1866 662 1889 vid.
685 1869 774 1890 ssachius
795 1871 822 1892 ι.
836 1871 865 1893 ιῐ.
887 1877 907 1893 c.
924 1878 946 1896 2.
965 1877 1021 1896 sect.
1035 1879 1058 1899 4·
1080 1872 1100 1899 §-
1116 1879 1152 1900 ⁴3·
1178 1878 1200 1894 ct
1216 1878 1320 1895 auctores
1339 1875 1366 1896 ab
1382 1881 1410 1896 eo
1424 1880 1445 1897 ct
1465 1875 1550 1899 editore
1564 1877 1701 1900 stotza-vanno

186 1905 282 1933 nudati,
298 1910 319 1927 et
334 1905 505 1933 Eugaelbronue',
520 1908 580 1930 Diss.
595 1909 654 1930 laud.
675 1916 699 1937 p.
717 1912 743 1936 14
759 1917 809 1938 sqq.
848 1911 884 1935 Cf.
901 1913 978 1941 Hugo,
994 1913 1071 1935 Lehrh.
1088 1915 1126 1935 der
1140 1915 1215 1937 Gesch.
1230 1916 1263 1936 dcu
1279 1916 1338 1937 Rom.
1356 1916 1447 1944 Rechts,
1464 1916 1486 1946 ς.
1501 1918 1552 1947 296.
1572 1919 1614 1942 Ed·
1629 1919 1660 1943 V.

215 1946 282 1976 (07)
297 1945 369 1971 Praei.
383 1947 409 1969 nd
423 1947 550 1972 versionem
565 1955 626 1973 suam
641 1951 743 1973 callium
759 1953 903 1982 Pufindotfii,
915 1955 942 1977 de
955 1955 1013 1982 Jnre
1028 1956 1127 1981 Naturae
1141 1960 1164 1978 ct
1178 1956 1295 1984 Genuum,
1310 1962 1364 1986 pag.
1380 1962 1444 1981 xcix.
