1913 2427
185 143 230 178 80
565 140 956 174 ’ῈΒΕὉΕΒῙΟΙ
1021 139 1329 175 EGELING

191 230 327 269 percepi,
357 230 489 267 cogitans
520 230 551 259 in
576 230 744 266 quaestione
765 229 894 266 positum
922 236 1000 257 esse:
1029 228 1180 264 Remedia,
1212 237 1284 265 qnae
1306 229 1401 260 eodem
1427 231 1532 266 trado,
1563 231 1583 260 i.
1607 241 1633 262 e.
1657 234 1707 264 sub

190 283 289 312 eodem
309 283 416 318 titulo,
446 284 479 311 in
504 282 597 311 eadem
622 282 714 310 classe
742 281 897 316 eodemque
925 279 1023 309 ordine
1050 281 1179 308 materiae
1207 280 1336 310 Medicae
1360 281 1477 317 disponi
1508 284 1612 312 soltim.
1653 285 1708 313 Su-

193 334 283 363 mitur
306 334 402 370 itaque
425 333 529 361 titulus
556 341 609 369 pro
640 333 839 361 subdivisione
869 331 1004 367 ordinis,
1036 332 1274 367 quemadmodum
1299 332 1367 361 ordo
1395 333 1547 363 constituit.
1578 334 1708 364 subdivi-

192 385 303 415 sionem
326 385 435 413 classis.
477 383 604 419 Verum,
627 384 890 420 quomodocunque
914 383 1035 419 intelligi
1057 382 1155 411 debeat
1177 383 1244 411 haec
1270 384 1450 419 propositio,
1471 393 1528 412 eam
1551 393 1612 413 esse
1633 392 1706 422 puto

189 435 369 474 quaestionis
390 441 528 471 mentem,
548 441 582 463 ur
604 442 675 464 usus
690 435 834 464 doctrinae
848 434 1053 463 indicationum
1072 435 1240 463 ostendatur
1260 435 1289 464 in
1303 435 1456 471 seligendis
1472 436 1601 464 remediis
1615 457 1625 471 ,
1646 444 1705 465 non

191 489 308 523 solum,
329 495 404 523 quae
427 486 457 515 in
482 487 576 515 eadem
602 487 711 523 classe,
733 487 778 515 vel
802 486 831 515 in
855 486 951 515 eodem
975 485 1090 520 ordine,
1118 485 1168 514 sed
1190 485 1273 514 etiam
1303 494 1374 522 quae
1400 487 1431 515 in
1458 487 1556 516 eodem
1586 495 1703 523 genere,

189 539 219 568 in
243 539 335 567 eadem
357 537 453 575 specie
475 538 591 574 disponi
608 538 712 567 solent.
754 536 785 566 Si
812 538 879 566 haec
902 545 966 566 vera
993 536 1032 565 sit
1061 545 1140 566 mens
1158 537 1354 572 quaestionis,
1382 537 1454 566 nihil
1476 537 1545 567 facit
1568 539 1602 567 ad
1627 547 1704 574 rem,

178 590 338 626 >quomodo
368 589 435 618 talis
465 589 618 618 divisionis
650 589 782 626 singulae
814 587 1029 618 subdivisiones
1058 588 1267 625 nominentur,
1308 594 1403 617 utrum
1434 589 1566 625 titulus,
1592 597 1628 618 an
1654 598 1704 628 ge-

178 651 260 677 mus,
281 647 354 672 caet.

226 693 295 722 Nisi
316 692 448 722 brevitati
469 693 582 721 studere
600 691 718 726 vellem,
748 691 914 727 praecipuas
934 699 1039 727 easque
1061 690 1183 720 maxime
1211 690 1330 720 usitatas
1362 690 1518 720 dlvisiones
1547 689 1706 720 medicami-

185 752 276 779 num,
304 752 376 780 quae
397 753 413 772 a
438 743 525 772 variis
550 742 719 771 auctoribus
751 747 819 770 sunt
850 741 1033 777 propositae,
1062 742 1108 770 hie
1140 749 1334 770 memorarem.
1383 742 1428 770 Ne
1461 751 1527 771 vero
1559 741 1644 770 nimis
1672 741 1704 771 in

184 796 302 832 longum
324 795 485 831 protraham
509 795 580 823 lianc
603 792 840 831 responsionem,
869 792 931 821 illas
954 801 1052 821 omnes
1076 792 1254 828 relinquam,
1281 799 1310 821 et
1335 793 1420 821 talem
1449 801 1608 829 proponam
1631 792 1704 821 divi-

184 846 316 881 sionem,
347 854 418 881 quae
444 846 514 874 mihi
546 846 655 881 optima
685 845 807 874 videtur.
863 844 980 873 Classes
1021 843 1289 873 medicamentorum
1324 844 1520 880 disponuntur
1546 844 1703 873 secundum

185 897 276 926 varias
297 897 448 926 methodos
474 897 627 933 medendi,
655 904 777 933 quarum
807 895 1006 925 methodorum
1030 895 1107 924 varia
1134 902 1253 932 quoque
1280 895 1341 925 fieri
1372 901 1469 933 potest
1495 894 1612 925 divisio.
1653 894 1707 924 Se·

184 955 317 984 quentem
341 956 475 985 propono

300 1008 313 1029 1
340 999 500 1030 Methodus
522 1000 671 1035 nutriens,
692 997 791 1028 tonica

300 1061 318 1080 2
343 1051 502 1081 Methodus
526 1059 668 1081 evacuans

298 1111 314 1139 3
341 1103 500 1132 Methodus
521 1103 648 1131 excitans

293 1163 313 1190 4
341 1154 501 1184 Methodus
523 1155 636 1183 sedans.

294 1213 311 1241 5
335 1205 496 1235 Methodus
517 1206 650 1234 alterans.

220 1257 384 1286 Secundum
409 1265 494 1294 quam
519 1255 692 1285 divisionem
716 1261 733 1291 5
756 1262 873 1292 quoque
901 1262 1020 1283 assumo
1048 1254 1155 1284 classes
1183 1253 1474 1295 medicamentorum;
1500 1252 1704 1283 medicamenta

179 1309 292 1343 tonica,
313 1310 507 1342 evacuantia,
529 1313 601 1334 caet.

221 1358 325 1387 Omnia
348 1359 480 1394 quamvis
507 1356 695 1386 medicamina
717 1362 795 1385 certo
822 1361 850 1384 et
878 1363 949 1383 sano
979 1362 1068 1383 sensu
1096 1354 1233 1391 appellari
1263 1356 1379 1390 possint
1404 1355 1588 1389 alterantia,
1611 1362 1701 1390 quur-

179 1409 274 1438 omnis
295 1409 404 1438 sanatio
426 1415 515 1445 ponat
537 1406 725 1436 mutationem
749 1407 779 1435 in
799 1414 921 1442 corpore
943 1406 1118 1441 productum
1135 1426 1146 1441 ‚
1175 1411 1244 1434 sunt
1268 1412 1361 1433 tamen
1385 1412 1412 1433 et
1442 1405 1598 1440 nonnulla,
1627 1412 1701 1440 quae

179 1469 245 1497 prae
268 1461 349 1496 aliis,
371 1466 398 1489 et
418 1459 508 1496 magis
533 1458 654 1493 directe,
676 1466 784 1494 corpus
806 1458 851 1486 vel
869 1457 1006 1493 quasdam
1028 1457 1090 1493 ejus
1116 1463 1209 1493 partes
1232 1456 1437 1485 constitutivas
1462 1457 1601 1490 alten-ant,
1629 1463 1702 1490 quae

177 1511 266 1548 igitur
292 1520 358 1548 prae
384 1511 448 1540 aliis
471 1517 590 1546 quoque
619 1509 735 1538 nomine
762 1508 954 1537 alterandum
982 1507 1114 1543 insigniri
1139 1514 1289 1543 possunt,
1317 1515 1347 1536 v.
1372 1516 1398 1544 g.
1425 1506 1567 1535 amacida
1587 1527 1597 1541 ‚
1623 1507 1702 1534 anti-

179 1563 305 1600 septica,
327 1569 418 1598 caet.,
440 1570 499 1598 quo
522 1567 599 1590 certo
623 1568 711 1588 sensu
737 1558 811 1588 forte
830 1559 925 1588 referri
946 1566 1066 1595 possent
1089 1559 1183 1588 omnia
1208 1559 1409 1587 medicamenta
1429 1557 1576 1594 specifica.
1616 1557 1701 1586 Clas-

177 1622 224 1642 ses
245 1613 296 1642 hae
317 1614 419 1642 iterum
440 1613 470 1642 in
500 1612 613 1642 ordines
641 1611 757 1647 disponi
786 1610 897 1646 solent,
927 1618 1003 1646 quos
1030 1616 1122 1638 tamen
1154 1618 1253 1638 omnes
1278 1610 1325 1637 liic
1350 1616 1511 1637 enumerare
1533 1616 1592 1637 non
1608 1616 1698 1644 opus,

176 1664 276 1693 Unum
305 1671 417 1694 tantum
447 1664 607 1700 exemplum
639 1671 812 1699 proponam.
861 1661 974 1691 Classis
1011 1662 1209 1690 evacuantiuin
1245 1660 1385 1689 dividitur
1416 1660 1472 1695 in,
1510 1668 1546 1696 1,
1573 1659 1699 1688 ordinem

176 1715 419 1751 catharticorum,
440 1725 476 1751 2,
498 1715 560 1744 ord.
584 1715 754 1749 micticon,
777 1723 813 1750 3,
834 1714 897 1743 ord.
923 1713 1048 1748 diuret.,
1070 1722 1107 1748 4,
1131 1713 1193 1741 ord.
1217 1712 1397 1747 diameter,
1419 1719 1454 1747 5,
1476 1711 1538 1739 ord.
1563 1710 1694 1746 syalag.,

178 1766 215 1801 6,
237 1766 299 1795 ord.
321 1767 448 1803 etthim,
479 1776 515 1803 7,
537 1768 598 1796 ord.
623 1773 799 1801 emmenag.,
827 1767 867 1801 8,
890 1765 953 1795 ord.
988 1764 1156 1800 sanguinem
1192 1763 1297 1792 directe
1327 1762 1534 1791 evacuantium.
1584 1761 1640 1789 Sed
1669 1766 1697 1789 et

179 1816 208 1845 hi
230 1817 343 1846 ordines
372 1819 408 1847 ad
429 1818 523 1847 varios
547 1817 647 1846 titulos
675 1817 738 1846 sive
762 1825 873 1854 genera
900 1815 996 1845 referri
1030 1821 1174 1852 possunt,
1203 1823 1328 1850 quorum
1359 1822 1452 1842 tamen
1482 1812 1590 1841 divisio
1613 1812 1697 1841 valde

177 1875 223 1897 est
244 1868 397 1899 arbitraria.
442 1868 490 1897 Sic
510 1868 558 1897 alii
583 1869 753 1897 cathartica
775 1868 937 1898 diviserunt
961 1868 990 1896 in
1015 1868 1207 1905 tempranen,
1230 1866 1395 1904 purgatum
1418 1871 1445 1893 ct
1466 1864 1618 1899 drastica,·
1648 1863 1697 1892 alii

173 1918 202 1946 in
220 1921 386 1957 purgantia
409 1920 604 1955 emollientia,
625 1920 860 1957 adstringentla,
882 1919 1066 1948 stimulancia
1082 1925 1109 1947 et
1127 1918 1296 1953 narcotica;
1318 1916 1367 1944 alii
1390 1916 1444 1944 alia
1463 1915 1591 1950 ratione;
1616 1913 1698 1950 quis·

172 1977 229 2006 que
248 1970 336 2008 igitur
366 1971 438 2002 hanc
466 1971 687 2010 dispositionem
715 1971 772 2003 sibi
803 1971 927 2009 formet,
957 1971 1196 2009 quemadmodum
1222 1969 1279 2000 sibi
1304 1967 1414 2005 optima
1442 1966 1574 2003 videtur,
1603 1965 1690 1994 modo

1635 2023 1696 2045 vn-
