1913 2427
322 145 366 181 12
825 129 1289 174 J.‘13A²1'<E

322 232 531 281 scriptoribus
563 241 595 267 et
625 232 872 272 Alexandrinis,
911 233 1033 278 quiq-ue
1064 234 1098 266 in
1137 234 1225 266 Italia
1259 238 1367 277 postea
1401 232 1519 265 Graece
1553 233 1790 283 scriptitarunt,³

324 293 405 338 quid
426 292 634 336 judicandum
659 293 717 330 sit,
746 291 928 334 conjectura
955 292 1079 335 assequi
1108 290 1203 322 facile
1224 291 1265 322 sit
1281 313 1292 328 ,
1324 290 1386 321 nisi
1413 291 1498 332 ipsae
1525 290 1633 322 literae
1657 291 1793 334 loquana

325 357 390 383 tur.
436 349 522 390 Quid
544 349 671 380 Latinae
699 348 829 379 literae?
873 344 1044 379 Meliorine
1074 347 1202 379 fortuna
1235 358 1308 379 usae
1336 347 1439 378 sunt?
1484 348 1593 387 Quum
1625 347 1791 380 celeberri-

306 395 314 407 ι
329 417 456 439 morum
484 411 661 442 oratorum,
683 406 717 435 L.
741 405 861 442 Crassi,
893 406 938 436 M.
963 404 1110 443 Antonii,
1136 411 1238 435 aetate·
1264 405 1366 447 prima
1395 402 1477 434 hene
1510 404 1629 436 Latine·
1659 403 1789 435 dicendi

328 463 493 495 maturitas
517 461 700 499 exstitisset,
720 461 787 502 jam
811 460 1016 504 paullo'post
1045 471 1150 493 sermo
1178 460 1231 492 ille
1255 471 1355 503 purus
1385 466 1416 492 et
1444 471 1518 492 vere
1545 460 1694 500 Latinus,
1716 471 1794 492 eon·

328 519 503 550 fluentibus
519 517 663 560 undique
680 520 831 555 Romam,
855 517 912 560 qui
933 517 1101 560 inquinate
1120 517 1345 560 loquerentur,
1370 517 1611 557 contaminatus·
1627 522 1682 549 est.
1706 520 1792 557 gEam

328 576 428 618 igitur
457 575 585 618 linguae
618 574 865 617 proprietatem,
895 573 1005 604 multis
1029 574 1150 617 quippe
1179 573 1555 616 corruptam·sordibus-
1573 573 1590 603 e
1623 574 1791 605 communi

326 641 391 663 usu
419 638 450 664 et
479 631 818 663 domesticassbarbarie
847 630 1017 674 susceptis,
1050 641 1151 673 quum
1182 637 1213 661 et
1239 640 1347 660 rerum
1374 630 1582 672 intelligentia
1611 625 1642 661 et
1674 630 1791 662 veteris

330 688 487 720 sermonis
517 688 637 731 puritas
657 687 910 728 exstingueretur
938 697 973 718 ac
995 687 1093 730 vulgo
1117 687 1334 730 ignoraretur,
1362 692 1591 717 conservarunt
1619 686 1794 718 eruditissia

327 745 374 776 mi
391 745 618 787 Grammafici,
641 745 698 787 qui
719 737 927 787 praestantem
953 744 1039 775 illam
1064 744 1218 775 orationis
1239 744 1389 774 virtutem
1404 767 1413 781 ‚
1437 745 1534 785 quam
1555 749 1628 773 ante
1647 753 1707 774 usu
1732 743 1794 775 fre·

327 801 525 844 quentabant
548 811 678 838 omnes,
703 811 778 831 mox
806 800 899 843 pauci
920 800 1027 832 studio
1048 799 1349 843 consequebantur,
1372 800 1418 829 ·in
1448 800 1531 829 artis?
1546 797 1682 830 formam
1703 799 1792 832 rede·

327 864 467 900 gerunt,
498 857 760 900 docueruntque,
798 856 916 900 quibus
948 858 1040 900 quasi
1074 857 1237 888 elementis
1268 857 1509 894 contineretur,
1538 856 1725 888 innumeras
1755 866 1792 888 ae

327 909 557 945 minutissimas
596 914 769 945 verborum
803 912 997 944 differentias
1033 920 1211 951 notarunt,
1243 912 1454 944 'dialectorum
1497 913 1681 944 varietatem
1718 923 1791 956 ape·

325 976 488 1009 ruerunt,
527 972 726 1013 omninoque
762 972 795 1001 in
833 972 970 1002 maxima
1011 970 1138 1012 linguae
1175 969 1432 1013 perturbatione,
1468 969 1554 1012 quid⁴
1578 969 1718 1012 probum
1741 979 1792 1001 rao

325 1027 524 1068 genuinum,
560 1026 639 1069 quid
670 1027 800 1069 vulgare
829 1034 884 1057 aut
918 1026 1088 1057 barbarum
1122 1033 1218 1064 esset,
1239 1024 1464 1056 definiverunt.
1518 1025 1627 1067 Hujus
1649 1025 1792 1069 discipli-

323 1092 384 1113 nae
414 1094 481 1114 non
513 1083 666 1125 vestigia,
694 1082 749 1113 sed
783 1089 991 1114 monumenta
1017 1081 1196 1125 praeclara,
1230 1087 1402 1124 supersunt
1428 1081 1498 1124 jam
1535 1080 1609 1112 inde
1637 1082 1656 1112 a
1684 1083 1792 1125 primo

322 1139 449 1170 saeculo
478 1146 602 1171 nostrae
636 1150 742 1170 aerae:
774 1140 866 1182 cujus
899 1139 1029 1182 quidem
1062 1145 1181 1182 quanta
1217 1138 1270 1169 vis
1297 1137 1392 1169 fuerit
1419 1137 1458 1168 ad
1490 1137 1652 1180 cogitandi
1672 1138 1792 1182 ,dioen-

323 1194 421 1238 dique
451 1195 638 1239 elegantiam
666 1197 863 1227 retinendam
881 1219 890 1234 ,
932 1196 949 1227 ὲ
980 1197 1122 1228 Luciano
1153 1195 1365 1238 intelligitur,
1400 1195 1504 1225 Dione
1542 1194 1793 1237 Chrysostomo‚

324 1251 471 1284 Maximo
493 1254 606 1295 Tyrio,
630 1252 774 1291 J-uliano,
798 1253 946 1296 aliisque,
971 1253 1028 1295 qui
1050 1252 1124 1284 inde
1150 1253 1311 1284 Atticistae
1341 1252 1558 1284 nominantur.

387 1310 519 1340 Tantam
546 1309 707 1340 literarum
736 1310 922 1352 dignitatem
949 1319 1015 1340 esse
1050 1309 1206 1352 potuisse,
1232 1309 1295 1339 nisi
1323 1309 1454 1352 integris
1482 1309 1712 1352 plerorumque
1736 1319 1792 1340 ve—

325 1370 428 1395 terum
454 1365 584 1396 illorum
612 1366 832 1397 voluminibus
858 1372 1047 1403 uterentur,
1072 1366 1126 1396 vix
1156 1371 1203 1396 est
1225 1371 1261 1396 ut
1287 1365 1484 1397 credamusae-
1511 1366 1591 1408 quin
1620 1376 1685 1397 una
1717 1376 1793 1401 cum

325 1419 532 1455 barbarorum
555 1422 812 1459 incursionibus,
838 1433 873 1453 ac
900 1423 1080 1465 priscorum
1105 1428 1391 1453 monumentorum
1408 1422 1528 1464 jactura
1546 1429 1578 1454 et
1593 1422 1792 1466 direptione,

327 1478 513 1509 eorumdem
541 1479 646 1510 studia
676 1490 814 1519 primum
843 1479 1024 1517 retardata,
1046 1489 1122 1509 mox
1150 1478 1304 1510 exstincta
1333 1489 1400 1510 esse
1434 1479 1590 1511 videmus.
1619 1480 1712 1519 ·Quo
1731 1478 1796 1510 *lo-

325 1543 364 1564 00
389 1535 487 1576 igitur
512 1537 799 1567 Grammaticorum
824 1535 987 1578 diligentia
1012 1535 1158 1566 habenda
1181 1536 1239 1573 sit,
1268 1536 1301 1566 in
1328 1537 1569 1568 conservatione
1595 1535 1794 1567 veterIsele-

324 1591 468 1631 gantiae,
497 1591 585 1623 facile
608 1599 654 1623 est
679 1593 856 1631 aestimare3
890 1593 947 1636 qui
969 1591 1059 1623 libris
1086 1603 1160 1624 cum
1188 1591 1420 1627 describendis,
1445 1599 1520 1622 tum>
1536 1592 1576 1623 ad
1597 1593 1795 1635 optimorum

324 1647 469 1678 codicum
495 1647 590 1679 fidem
624 1648 825 1681 conferendis
849 1655 880 1680 et
905 1648 1132 1688 emendandis,
1156 1659 1279 1680 munus
1303 1648 1513 1692 expleverunt
1533 1649 1687 1691 opinione
1715 1648 1796 1680 forte

324 1713 456 1745 parvum
479 1715 517 1736 ac
542 1712 659 1743 tenue,
690 1717 724 1736 re
756 1707 821 1748 ipsa
849 1713 879 1737 et
913 1712 1031 1737 eventu
1064 1716 1218 1748 maguum
1256 1717 1291 1737 ac
1323 1705 1440 1737 nobile.
1494 1705 1562 1737 Nisi
1589 1706 1675 1737 euim
1701 1712 1732 1736 et
1758 1705 1793 1736 hi

322 1758 472 1798 fuissent,
495 1768 543 1798 et,
571 1769 604 1792 ut
628 1765 764 1804 quisque
789 1769 854 1793 erat
878 1769 1039 1794 accuratae
1064 1762 1227 1794 doctrinae
1254 1763 1522 1799 studiosissimus,
1556 1761 1699 1792 eamdem
1723 1762 1794 1793 lite·

322 1815 366 1846 ris
390 1816 531 1848 rolendis
557 1830 683 1860 operam
714 1819 893 1857 tribuisset,
917 1818 996 1862 quid
1020 1821 1183 1861 ingruenti
1208 1819 1391 1851 Gothorum
1415 1826 1446 1850 et
1477 1818 1694 1849 Vandalorum
1721 1818 1794 1850 bar·

323 1871 420 1903 barici
451 1874 690 1917 superfuturum
712 1875 807 1907 fuisse
824 1875 1072 1906 arbitrabimur?
1118 1876 1206 1916 Quid>
1230 1877 1373 1918 ipsorum
1401 1877 1594 1907 Graecorum
1622 1882 1651 1906 et
1679 1878 1795 1907 Roma·

317 1939 434 1959 norum
465 1931 662 1973 turpissimae
687 1932 873 1963 socordiae?
918 1932 1004 1972 Quid
1031 1932 1116 1974 ejus,
1152 1933 1208 1975 qui
1243 1932 1385 1963 humano
1413 1932 1528 1963 scelere
1554 1933 1710 1963 immitem
1739 1943 1795 1963 su·

319 1996 428 2027 pcrare
458 1986 620 2019 fortunam
641 1988 763 2028 voluit,
796 1988 945 2031 Gregorii·
964 1991 1006 2021 M.
1032 1988 1161 2021 furori?
1203 1990 1312 2021 Tantis
1330 1988 1474 2021 cladibus
1494 1988 1610 2020 afflicta
1632 1987 1792 2020 bonarum

1753 2043 1795 2075 li·
