1913 2427
270 124 315 180 δέ
510 125 1433 191 ”ι.’Β.ΤΗ]ο’ΒΒἘο’ΚΕ

271 253 296 270 ,,
318 231 486 262 haerescunt
501 232 615 268 penitus
632 232 662 262 in
679 232 825 263 membris,
853 232 930 261 Cum
947 239 1014 261 vero
1029 233 1137 262 accedit
1150 234 1266 268 eodem,
1284 234 1365 268 quasi
1380 234 1518 264 maximus
1536 235 1651 271 quidam
1670 238 1774 274 magis=

270 304 296 321 ,2
317 290 377 319 ter,
401 283 549 320 populus,
567 291 653 319 atque
666 284 759 313 omnis
776 283 905 319 undique
915 284 950 312 ad
966 283 1034 312 vitia
1056 285 1240 313 consentiens
1259 284 1431 320 multitudo,
1454 293 1514 314 tum
1530 287 1776 322 planeinficimur

268 355 295 371 „
315 335 485 371 opinionum
505 335 662 370 pravitate,
683 344 697 363 a
721 340 878 370 naturaque
900 334 1103 370 desciscimus,
1127 342 1157 363 ut
1182 335 1267 364 nobis
1291 336 1429 373 optimam
1455 337 1615 373 magistram
1638 338 1776 367 invidisse

266 406 292 424 ‚,
313 386 481 419 videantur,
501 384 552 420 qui
574 384 645 413 nihil
668 386 768 414 melius
792 385 923 421 homini,
944 385 1016 414 nihil
1039 387 1129 423 magis
1152 387 1354 422 expetendum,
1382 386 1455 415 nihil
1475 388 1773 423 praestantius‘hono-

269 457 295 474 „
317 436 416 470 ribus,
438 435 583 471 imperiis,
604 435 739 472 populari
762 436 871 473 gloria,
890 436 1106 473 judicaverunt,
1129 437 1164 466 ad
1184 445 1272 473 quam·
1290 437 1381 465 fertur
1404 438 1531 473 optimus
1553 439 1696 475 quiaque3
1726 447 1775 468 ve-

268 508 294 524 „
316 494 431 522 ramque
451 485 526 514 illam
552 486 726 516 honestatem
752 493 887 523 expetens
902 508 912 523 ,
941 496 1026 524 quam
1057 497 1142 517 unam
1171 495 1270 516 natura
1298 489 1417 517 maxime
1441 489 1578 525 inquirit,
1606 489 1638 517 in
1663 497 1777 519 summa

271 557 297 574 „
318 537 451 566 inanitate
473 543 621 573 versatur,
652 544 902 575 consectaturque·
917 540 1026 568 nullam
1055 541 1222 569 eminentem
1248 539 1366 576 effigiem
1397 536 1574 578 [virtutis]',
1601 541 1655 569 sed
1675 541 1774 570 adum-

272 609 298 625 „
319 588 427 616 bratam
450 588 599 625 imaginem
622 590 737 626 gloriae.
747 589 766 601 ”
788 590 889 626 (Tusc.
911 590 952 627 Q„
973 590 1024 620 ΙΙΙ.
1051 600 1074 620 1.
1098 592 1153 628 π.)

306 639 353 669 Eo
377 639 463 667 modo
487 639 599 668 divinae
619 640 682 669 illae
702 640 877 670 scintillulae
909 647 1024 671 naturae
1048 643 1186 670 humanae
1215 641 1254 670 ita
1283 643 1452 678 plerumque²
1482 641 1665 676 obruuntur,
1687 648 1720 671 ut
1741 650 1777 672 ex

270 683 368 720 a'nimo
393 691 536 720 erroribus
565 691 800 727 circumvallato,
829 692 968 727 malisque
991 693 1127 728 exemplis
1155 699 1182 720 et
1202 693 1330 721 moribus
1359 699 1514 729 corrupto,
1543 692 1587 720 vel
1613 692 1781 722 difficillime

269 735 383 779 saepius
407 744 553 776 eluceant,
574 742 622 770 cui
642 743 751 771 accedit
774 742 873 777 etiam,
906 742 985 777 quod
1015 763 1032 777 „
1053 751 1068 770 a
1090 742 1184 778 primo
1211 743 1326 778 quidem
1354 743 1519 771 mirabiliter
1541 743 1656 771 occulta-
1676 749 1780 773 natura

272 814 296 830 9,
316 799 380 828 est,
401 802 453 821 nec
475 792 605 829 perspici
620 800 672 821 nec
695 792 833 829 cognosci
863 799 978 829 potest:
1008 793 1258 829 progredientibus
1281 799 1375 821 autem
1402 793 1560 828 aetatibus,
1589 793 1694 822 sensim
1719 801 1780 823 tar-

271 864 297 880 „
318 844 391 873 deve
408 844 526 881 potius,
548 844 631 879 quasi
655 844 852 879 nosmetipsos
873 844 1090 881 cognoscimus.
1132 846 1231 879 Itaque
1247 843 1295 872 illa
1310 844 1399 879 prima
1421 843 1647 881 commendatio⁹
1668 852 1741 880 quae
1758 853 1778 874 a

270 894 417 930 „natura
437 895 529 924 nostri
554 894 628 923 facta
658 901 721 930 est,
742 894 828 923 nobis
849 894 954 923 incerta
980 901 1007 922 et
1026 894 1149 922 obscura
1175 900 1238 929 est,
1266 895 1434 930 primusque
1458 894 1603 931 appetitus
1624 894 1671 922 ille
1690 895 1782 924 animi.

270 965 296 981 9,
317 951 427 973 tantum
447 946 522 981 agit,
545 952 578 973 ut
600 946 673 974 salvi
691 951 777 981 atque
795 945 899 982 integ1i
923 953 985 974 esse
1005 944 1164 980 possimus.
1204 946 1278 974 Cum
1299 952 1392 974 autem
1417 945 1556 981 dispicere
1577 945 1777 982 coeperimus,

268 1015 295 1031 ‚,
316 1001 344 1024 et
364 995 466 1024 sentire
488 996 560 1031 quid
583 996 696 1031 simus,
719 1002 746 1024 et
764 997 839 1031 quid
853 995 1046 1025 animantibus
1061 995 1159 1025 ceteris
1176 995 1358 1031 differamus,
1381 1001 1442 1024 tum
1456 1003 1485 1023 ea
1501 995 1584 1030 sequi
1599 995 1780 1034 incipimus,

268 1065 295 1081 „
314 1047 350 1074 ad
373 1055 445 1082 quae
466 1046 525 1075 nati
540 1055 654 1075 sumus.
664 1046 683 1058 ’⁵
704 1046 759 1084 <da
779 1048 848 1076 Fin.
869 1047 908 1076 V.
931 1048 998 1085 15)

307 1096 379 1126 Inde
402 1097 500 1133 itaque
521 1103 548 1126 et
567 1097 738 1132 difficultas,
768 1097 838 1133 quid
857 1106 920 1126 vere
943 1097 1014 1127 velit
1038 1103 1157 1139 natura,
1190 1097 1379 1133 observandi,
1402 1097 1537 1133 quoniam
1568 1118 1585 1133 ‚‚
1605 1098 1638 1127 fit
1656 1104 1690 1127 ut
1711 1097 1783 1128 ani-

271 1168 299 1184 „
321 1156 386 1177 mus
408 1149 442 1176 de
463 1156 494 1177 se
514 1148 578 1184 ipse
601 1155 661 1176 tum
677 1148 802 1185 judicet,
824 1156 888 1177 cum
911 1148 940 1177 id
954 1149 1067 1185 ipsumv
1089 1157 1148 1184 quo
1162 1149 1321 1186 judicatur,
1342 1148 1513 1185 aeg1·otet:”
1532 1149 1638 1185 (Taso.
1654 1149 1702 1179 111.
1721 1149 1780 1186 1.)

268 1198 334 1227 inde
359 1205 387 1226 et
411 1207 509 1227 omnes
538 1197 603 1228 illae
627 1199 873 1235 Philosophorum
897 1199 1090 1228 dissensiones
1117 1199 1155 1227 de
1175 1207 1227 1234 eo,
1256 1220 1280 1234 „
1299 1199 1369 1235 quid
1389 1199 1448 1234 sit,
1474 1200 1553 1234 quod
1575 1199 1615 1228 ita
1639 1206 1776 1250 moveat,

268 1267 294 1284 aa
316 1249 411 1284 itaque
433 1258 448 1277 a
468 1255 567 1278 natura
589 1249 618 1277 in
641 1249 734 1287 primo
757 1256 823 1278 ortu
846 1249 1037 1286 appetatur‚'’
1057 1257 1123 1277 cum
1139 1255 1253 1278 constet
1271 1249 1356 1285 „fere
1370 1250 1443 1277 inter
1457 1257 1580 1284 omnes,
1601 1250 1647 1285 id,
1667 1250 1697 1279 in
1712 1258 1779 1286 quo

268 1319 295 1335 ‚‚
315 1299 464 1335 prudentia
485 1305 662 1334 versaretur,
690 1306 717 1328 et
741 1301 819 1335 quod
847 1300 965 1336 adsequi
998 1300 1099 1335 vellet,
1127 1307 1225 1337 aptum
1254 1307 1281 1328 et
1303 1301 1547 1329 accommodatum
1572 1307 1688 1329 naturae
1709 1308 1774 1329 esse

269 1369 295 1385 ‚,
316 1356 463 1386 oportere,
491 1356 519 1379 et
541 1351 616 1386 tale,
638 1356 672 1378 ut
691 1350 789 1387 ipsum
812 1359 863 1388 per
887 1359 917 1380 se
946 1350 1080 1380 invitaret
1094 1356 1122 1378 et
1142 1351 1267 1379 alliceret
1287 1351 1445 1388 appetitum
1465 1350 1563 1380 animi.
1573 1350 1593 1362 ”
1621 1350 1676 1388 (dc
1703 1350 1772 1382 Fen.

266 1399 305 1429 V
329 1408 357 1436 7·
368 1402 384 1438 >

264 1451 366 1488 Jam
390 1460 424 1480 ex
450 1452 594 1482 Ciceronis
623 1454 740 1490 scriptis
774 1455 970 1492 exponendum
999 1455 1096 1491 venit,
1123 1462 1258 1491 quaenam
1289 1454 1328 1485 sit
1355 1455 1401 1484 illa
1424 1455 1552 1485 hominis
1581 1459 1680 1484 natura
1712 1461 1776 1491 per-

267 1497 368 1538 fecta,
397 1509 425 1531 et
448 1503 521 1531 nihil
551 1505 714 1541 requirens,
739 1514 772 1535 ex
796 1515 852 1542 qua
880 1507 1032 1536 vivendum
1059 1513 1242 1536 esseomnes
1263 1507 1459 1543 praecipiunt:
1481 1505 1539 1540 (de
1560 1506 1628 1534 Fin.
1655 1502 1695 1533 V.
1719 1505 1777 1541 3.)

268 1553 331 1581 sive
354 1562 490 1588 quaenam
515 1554 573 1583 sint
591 1555 638 1584 illa
655 1556 796 1592 principia
812 1557 947 1586 naturalia
959 1579 969 1593 ,
992 1558 1098 1594 quibus
1110 1578 1119 1592 ‚
1142 1563 1284 1593 tamquam
1305 1557 1515 1592 fundamentis»,
1533 1554 1691 1584 aed-fficium
1713 1563 1777 1584 mo·

269 1603 326 1632 tale
346 1604 445 1632 Clccro
471 1605 603 1636 exstruit.
645 1626 664 1641 ,‚
678 1606 745 1636 Non
767 1607 841 1635 enim
860 1608 997 1644 sapientia
1019 1608 1117 1645 genuit
1132 1608 1293 1643 hominem,
1315 1609 1364 1637 sed
1383 1607 1492 1643 accepit
1515 1615 1529 1635 a
1543 1613 1643 1636 natura
1659 1606 1778 1637 inchoan.

270 1674 295 1689 ,‚
316 1660 385 1682 tum¹
427 1654 507 1684 Hanc
525 1657 720 1693 ergointuens
742 1656 823 1686 debet
839 1658 1003 1686 institutum
1020 1659 1110 1693 illud,
1132 1659 1213 1694 qnasi
1233 1659 1369 1695 signum,
1391 1658 1546 1687 absolvere.
1586 1658 1705 1695 Qualem
1721 1657 1777 1694 igi-

268 1724 293 1740 „
313 1711 361 1733 tur
382 1711 481 1734 natura
505 1706 647 1736 hominem
673 1708 835 1737 inchoavit:
857 1714 884 1737 ct
905 1710 984 1745 quod
1008 1716 1050 1737 est
1073 1716 1197 1744 munus,
1219 1710 1298 1745 quod
1322 1717 1397 1745 opus
1421 1708 1592 1745 sapientiae?
1614 1707 1684 1744 quid
1706 1714 1777 1744 est,

271 1775 294 1791 2,
317 1757 394 1791 quod
416 1756 450 1785 ab
475 1766 506 1786 ea
528 1758 640 1787 absolvi
657 1765 683 1787 et
698 1758 796 1795 perfici
813 1758 910 1788 debeat
920 1759 959 1788 ‘3”
976 1759 1034 1796 (de
1057 1760 1124 1787 Fc'n.
1148 1760 1196 1788 IV.
1221 1762 1290 1798 13.)

310 1827 327 1841 „
348 1807 449 1836 Omnis
472 1816 515 1836 cst
532 1814 629 1837 natum
650 1809 769 1845 diligens
788 1811 844 1838 sui.
885 1810 966 1848 Quae
982 1816 1024 1838 est
1039 1810 1134 1845 enim,
1157 1819 1230 1846 quae
1242 1819 1274 1839 se
1288 1815 1413 1846 unquam
1436 1810 1564 1845 deserat,
1589 1816 1639 1838 aut
1661 1815 1773 1845 partem

268 1875 293 1899 ,7
313 1858 435 1893 aliquam
453 1862 517 1893 sui,
540 1866 588 1888 aut
605 1861 665 1893 cius
682 1861 770 1895 partis
785 1861 911 1889 habitum
932 1868 980 1889 aut
999 1861 1055 1889 vim
1067 1881 1076 1895 ‚
1099 1867 1147 1888 aut
1171 1862 1259 1889 ullius
1276 1869 1367 1889 earum
1385 1869 1496 1895 rerum,
1516 1868 1588 1896 quac
1608 1861 1767 1889 secundum

270 1926 294 1944 „
317 1915 444 1936 naturam
461 1909 537 1944 siut,
554 1917 602 1938 ant
617 1916 724 1938 motum
742 1917 795 1939 aut
807 1911 935 1940 statum*2
957 1920 1028 1947 quae
1045 1918 1136 1939 autem
1154 1919 1252 1940 natura
1269 1920 1335 1940 suae
1347 1911 1453 1947 primae
1469 1911 1660 1940 institutionis
1675 1910 1766 1939 oblita

269 1975 294 1998 „
314 1958 376 1992 est?
397 1959 475 1988 nulla
489 1959 639 1996 profecto,
661 1961 732 1997 quin
750 1970 829 1991 suam
850 1963 907 1992 vim
924 1962 1041 1992 retineat
1056 1972 1071 1993 a
1087 1963 1180 2000 primo
1196 1963 1231 1992 nd
1246 1961 1444 1992 extremum?”
1467 1962 1524 1999 (de
1540 1961 1765 1997 Fm.1V.13)

984 2022 990 2026 ·
1654 2031 1672 2047 „
1691 2010 1772 2040 Prin-
