1913 2427
642 160 1039 200 ORATIO.
1543 150 1583 208 1'3·

78 255 265 299 {literarum
287 253 472 298 disciplina,
496 264 533 286 ac
559 253 650 287 velut
669 255 833 298 jugulata,
864 268 937 288 cum
963 258 995 288 in
1025 256 1161 288 aliorum
1183 254 1300 293 tutela,
1327 262 1397 288 tum
1421 255 1455 287 in
1480 258 1580 290 Bene.

100 313 296 349 diminorum
327 313 566 344 Monachorurn
598 312 777 355 patrocinio
814 312 931 353 latuit;
966 315 1099 357 ejusque
1138 312 1252 345 studiis
1285 312 1337 345 vix
1370 314 1498 346 tandem
1534 326 1578 348 re-

99 372 212 402 creatis
238 370 437 413 aliquantum
458 369 563 401 Caroli
589 371 632 400 M.
662 370 868 409 auctoritate,
904 371 1122 403 bibliothecae
1142 372 1177 403 in
1203 370 1368 402 coenobiis
1403 371 1576 404 instructae

100 434 196 465 sunt,
230 428 264 458 in
287 437 385 470 quas,
412 426 501 457 velut
525 427 559 457 in
582 432 712 469 portum
733 426 922 469 quemdam,
946 427 1131 469 afferretur,
1158 428 1318 472 quidquid
1345 439 1384 458 ex
1407 429 1575 460 communi

98 483 267 526 naufragio
293 471 457 526 superstes·
476 490 567 515 esset.
614 482 700 522 Quid
722 483 756 513 in
783 483 913 515 Oriente
943 486 1087 516 interea?
1134 485 1355 526 Quorumdam
1384 485 1499 517 studiis
1525 486 1574 517 vi·

98 540 216 573 vehant
240 540 346 571 literae
366 542 517 578 Graecae,
540 550 599 571 nec
618 546 724 570 tamen
752 539 912 582 vigebant.
941 542 1051 582 'Quiri
1071 543 1097 573 si
1115 542 1277 581 dicamus,
1299 553 1354 574 eos
1377 543 1481 586 ipsos,
1504 554 1581 586 quo·

99 606 174 629 rum
209 608 303 640 opera
334 598 368 627 in
401 597 609 640 excerpendis
642 595 804 627 veteribus
830 598 1041 641 scriptoribus
1076 607 1198 631 versata
1233 600 1301 636 sit,
1342 600 1508 630 interitum
1541 601 1582 631 iis

100 653 264 686 attulisse?
310 655 415 696 Atque
430 654 472 684 ita
491 661 603 697 sponte
622 652 812 684 devenimus
834 654 868 684 in
888 654 970 686 illud
988 662 1132 699 tempus,
1153 667 1288 700 eamque
1302 666 1462 695 caussam,
1481 667 1579 699 quam

98 711 194 743 nobis
217 710 438 754 explicandam
461 711 646 741 sumsimus.

162 768 296 810 Reliqua
319 768 407 799 enim
435 774 574 809 repetere
599 779 658 798 uec
689 779 783 799 meus
806 769 933 800 animus
958 769 1017 801 fert
1031 793 1040 808 ,
1063 781 1121 801 nec
1144 777 1265 809 vestra,
1288 771 1327 803 A.
1343 770 1403 810 A„
1427 769 1580 802 doctrina*

98 825 246 869 postulat.
294 824 379 856 Illud
402 834 527 856 mecum
554 826 707 868 reputetis
735 825 850 867 velim,
874 826 977 868 qualis
1007 826 1103 858 fite-rit
1129 827 1293 859 literarum
1316 826 1460 859 conditio
1483 834 1576 866 tum,

98 893 201 926 quum
229 881 340 913 Graeci
367 881 453 912 docti
479 892 587 912 earum
616 882 649 912 in
678 881 763 912 ltalia
796 882 900 913 studia
934 885 1048 926 partim
1073 885 1263 922 excitarent,
1295 886 1411 927 partim
1441 884 1581 915 excitata*

97 944 335 984 propagarent;
370 949 474 981 quave
503 949 599 982 opera
637 942 769 969 statores
802 938 847 969 illi
885 942 999 970 veteris
1034 940 1197 972 doctrinae
1227 948 1262 972 et‘
1307 941 1480 984 elegantiae
1516 946 1580 984 'op-

98 997 210 1028 timam
246 1006 314 1026 iem
344 995 385 1026 ab
415 995 548 1026 interitu
582 995 842 1032 vindicaverint,
874 997 1069 1040 inventaque
1100 998 1363 1041 elialcographica
1391 1004 1457 1029 arte
1479 997 1577 1040 longe

97 1052 224 1095 lateque
256 1051 458 1095 protulerint.
504 1054 652 1094 Longum
681 1053 737 1090 sit,
763 1052 946 1095 principum
974 1053 1026 1083 illa
1058 1062 1157 1086 aetate
1185 1056 1330 1086 virorum
1358 1054 1472 1086 seriem
1499 1065 1578 1085 enu-

95 1120 238 1146 merare,
270 1119 410 1151 quorum
436 1109 542 1139 omnis
567 1108 725 1139 industria
748 1115 901 1151 occupata
929 1108 989 1140 fuit
1023 1111 1077 1141 vel'
1108 1112 1141 1142 in
1171 1112 1248 1154 ipsis
1283 1118 1428 1142 veterum
1451 1111 1578 1154 lingua·

95 1177 169 1198 rum
193 1165 358 1197 elementis
387 1164 548 1197 tradendis
564 1188 574 1203 ,
609 1164 659 1196 vel
690 1166 724 1196 in
757 1165 923 1196 codicibus
955 1166 1158 1199 librariorum
1192 1174 1323 1211 stupore
1355 1167 1576 1210 inquinatissi-

95 1223 158 1255 mis
191 1222 361 1265 diligenter
389 1221 611 1259 conferendis‚
647 1233 785 1264 veraque
823 1223 981 1264 cujusque
1015 1225 1179 1268 scriptoris
1206 1235 1305 1255 manu
1331 1220 1580 1267 investiganda,

94 1279 148 1312 vel
172 1281 205 1311 in
229 1281 297 1322 ipsa
327 1277 418 1310 brevi
444 1286 475 1310 et
501 1285 646 1310 accurata
683 1279 944 1321 interpretatione
970 1280 1190 1313 conficienda:
1221 1282 1278 1324 qui
1309 1281 1336 1312 si
1359 1281 1453 1313 aliam
1482 1282 1579 1313 ratio·

96 1348 171 1369 nem
206 1336 377 1374 ineuntes,
412 1336 536 1367 minuta
567 1336 644 1367 haec
668 1336 881 1379 sprevissent,
914 1338 1035 1378 majora
1061 1339 1214 1369 nimirum
1241 1338 1294 1369 illa
1319 1339 1426 1370 venati
1452 1345 1577 1376 essent,

96 1393 220 1426 nullius
249 1404 353 1436 neque
389 1396 500 1436 poetae
531 1393 656 1424 deliciis
685 1404 790 1436 neque
823 1393 987 1435 scriptoris
1017 1397 1163 1426 acumine
1196 1395 1394 1433 frueremur,
1433 1406 1583 1438 quaeque·

97 1457 219 1482 veteres
255 1449 301 1480 illi
334 1449 488 1480 celebrata
520 1450 641 1492 ingenii
680 1449 774 1480 laude
818 1458 1030 1481 monumenta
1067 1463 1137 1482 acie
1164 1453 1354 1494 perenniora
1386 1460 1578 1495 exegerunt,

97 1514 208 1539 nostra
231 1506 376 1538 socordia
399 1506 556 1545 aboleret,
584 1517 729 1550 quaeque
765 1512 829 1537 sata
859 1513 906 1537 est
932 1507 1028 1538 arbor
1061 1508 1196 1540 illorum
1225 1509 1374 1552 iugenio,
1399 1507 1507 1541 nostra
1527 1520 1582 1541 su1

98 1563 209 1608 perbia
232 1562 380 1594 evelleret
403 1563 567 1596 radicitus.

167 1619 355 1652 Confectum
381 1631 448 1651 esse
475 1620 631 1658 arbitror,
666 1623 709 1654 A.
730 1622 790 1660 Az,
819 1620 918 1664 ipsius
946 1620 1096 1654 historiae
1125 1623 1310 1654 testiinonio
1338 1629 1367 1654 et
1393 1630 1582 1667 praecepto,

99 1677 181 1709 nihil
203 1678 368 1720 amiquius
390 1688 456 1708 esse
475 1677 523 1715 ei,
551 1679 609 1720 qui
636 1686 756 1709 veteres
782 1678 887 1709 literas
913 1679 1015 1716 colit,
1046 1691 1143 1722 quum
1173 1687 1209 1711 ut
1231 1691 1340 1711 earum
1364 1679 1500 1713 formam
1527 1682 1577 1712 in·

99 1739 219 1777 legram
243 1735 408 1765 restituere
433 1740 585 1772 conetur,
610 1735 796 1779 nullamque
822 1746 891 1766 rem
911 1746 997 1773 esse,
1029 1747 1109 1780 quae
1133 1737 1240 1780 plures
1263 1738 1426 1779 cautiones
1453 1737 1586 1777 habeat‘,

99 1801 196 1834 quam
229 1791 475 1834 polymatlu‘am,
499 1797 529 1821 ct
552 1790 810 1833 polj‘lzt'slon'am.
866 1793 1036 1825 Veteribus
1073 1794 1135 1825 hoc
1158 1802 1358 1825 concessum·
1377 1802 1443 1826 erat
1470 1798 1583 1826 Gram-

99 1848 240 1885 maticis,
277 1854 316 1878 ut>
348 1848 522 1878 multarum
561 1848 678 1879 artium
709 1849 769 1880 sibi
801 1851 1000 1882 vindicarent
1027 1851 1247 1894 disciplinam:
1270 1852 1356 1883 unde
1381 1851 1499 1883 factum
1515 1859 1583 1890 est,

99 1903 229 1935 difficile
257 1910 291 1935 ut
312 1904 350 1935 iis
375 1912 474 1943 esset,
506 1915 590 1946 quac
616 1906 882 1949 complecteretur
920 1908 1064 1950 ipsorum
1092 1919 1229 1944 munus,
1262 1910 1279 1938 a
1311 1909 1493 1951 quibusque
1527 1909 1583 1939 ab·

98 1961 251 1999 stinerct,
282 1969 426 1992 accurate
465 1961 625 1998 diffinire,
666 1963 982 2007 consuudcret‘urque
1020 1965 1317 1996 Grammaticorum
1354 1977 1473 1996 nomen
1509 1975 1584 1995 cum

99 2017 241 2056 Criticis,
273 2017 446 2061 Sophistis,
476 2019 688 2060 llhemi'ibus,
713 2021 915 2064 Philosopliis
950 2031 985 2052 ac
1012 2020 1199 2064 l'hilologis.
1252 2021 1312 2053 Sed
1345 2022 1442 2054 iidem
1478 2014 1588 2052 lectio*-

868 2080 890 2108 ss
914 2077 934 2108 3
1500 2087 1576 2109 nem
