1913 2427
423 124 908 156 DISSERTATIO
972 125 1375 158 LITERARIA.
1628 123 1669 157 13

181 218 281 254 Itaque
305 215 374 252 quid
390 221 453 250 est,
479 213 559 250 quod
582 212 734 247 miremur,
756 210 942 241 nobilissimo
960 211 1004 240 illi
1029 213 1078 241 sed
1098 219 1125 242 et
1145 213 1312 242 difficillimo
1336 213 1457 242 Poeseos
1481 212 1594 250 generi,
1622 212 1667 242 di-

143 269 238 299 vinam
270 276 350 296 suam
383 273 467 296 artem
500 272 633 294 nostrum
661 263 867 293 consecrasse?
908 263 987 302 Quid
1019 265 1120 294 mirum
1150 254 1307 301 Vondelli,
1331 266 1436 302 cujus,
1466 272 1497 294 ut
1520 266 1664 302 vidimus,

141 321 254 350 animus
282 318 447 348 domesticis
475 324 501 346 et
523 317 645 346 externis
674 315 825 344 doloribus
856 314 967 345 fractus
1001 318 1036 346 ad
1067 317 1212 346 tristitiam
1238 317 1395 354 vergebat,
1424 323 1519 346 tantos
1544 317 1573 346 in
1604 324 1664 346 arte

141 372 289 401 tristitiam
315 377 447 400 movente
478 377 651 406 progressus
683 367 799 396 fuisse?
840 367 940 405 Quid,
970 368 1035 397 istis
1054 370 1222 406 perpensis,
1251 369 1375 405 denique
1398 369 1500 398 mirum
1527 376 1590 404 est,
1612 369 1664 398 tali

140 432 297 459 successu,
318 431 416 452 omnes
438 422 496 451 fere
519 422 622 451 Nostri
638 426 759 450 conatus
778 420 932 456 insignitos
955 419 1063 456 fuisse,
1093 428 1146 457 ut,
1169 429 1293 458 quorum
1310 421 1340 450 in
1361 422 1543 458 percipienda
1565 421 1664 450 divina

140 476 171 505 vi
192 477 312 511 poeseos
339 475 452 504 animus
477 482 535 503 non
561 475 645 510 plane
668 472 708 502 sit
736 473 842 508 hebes,
863 473 883 501 ii
907 482 1028 511 omnes,
1048 475 1130 504 lectis
1151 475 1283 504 Vandalis·
1307 475 1562 512 praestantissimis
1589 474 1664 502 Tra-

136 527 265 565 goediis,
287 527 368 556 lectis
389 527 569 564 pulcerrimis
589 527 647 555 illis
671 533 698 555 et
725 525 803 555 omni
819 526 902 555 laude
920 527 1076 564 majoribus
1100 527 1237 556 Choricis
1262 526 1458 562 carminibus,
1489 525 1662 562 indignatio-

138 587 193 614 ne,
222 578 432 614 misericordia,
460 578 564 616 gaudio
588 584 616 607 et
639 578 756 613 dolore,
785 586 836 614 spe
861 585 888 607 et
912 586 989 607 metu
1007 600 1017 614 ,
1046 579 1078 608 in
1097 579 1184 607 alium
1210 579 1293 615 quasi
1319 578 1415 608 orbem
1442 578 1606 616 rapiantur,
1633 583 1662 607 et

137 631 185 660 sui
209 631 311 668 obliti,
333 639 383 668 ea,
409 639 481 667 quae
497 630 619 660 lectione
637 629 832 667 perceperint,
854 630 948 659 oculis
966 631 1081 660 credant
1100 630 1277 668 supposita?

847 721 876 757 §-
919 729 948 758 3·

553 798 747 836 singularum
770 797 794 825 T
794 797 1001 835 ragoedim-um
1025 799 1226 829 considat-axio.

149 906 151 909 <
174 888 303 918 Multum
334 895 401 917 sane
427 887 618 925 proficerem,
647 889 672 917 si
696 888 726 917 in
744 889 855 917 laudem
888 888 1022 917 Vandalis·
1045 889 1108 917 data
1140 888 1174 917 ab
1199 888 1368 924 aequalibus
1405 887 1598 924 testimonia,
1628 889 1659 918 in

135 942 264 978 singulas
283 940 475 977 Tragoedias,
498 948 612 976 possem
634 940 779 969 invocare.
820 941 854 969 In
877 941 956 970 omni
977 941 1050 969 enim
1069 943 1172 977 κρίσει,
1192 948 1353 977 temporum
1374 948 1401 969 et
1421 943 1551 969 locorum
1573 940 1661 968 maxi-

137 1003 181 1023 ma
203 1001 313 1030 semper
335 993 408 1021 ratio
426 999 470 1022 est
491 992 638 1028 habenda,
659 1001 713 1028 ne,
733 1000 902 1022 nostrorum
932 1002 1045 1022 morum
1069 993 1167 1023 studio
1194 993 1344 1031 perducti,
1366 1000 1529 1029 perversam
1548 997 1662 1021 senten-

134 1046 202 1075 tiam
222 1045 359 1074 feramus.

175 1095 230 1125 Sed
250 1095 422 1124 monendum
443 1101 507 1131 est,
527 1096 683 1125 nonnullas
707 1105 741 1126 ex
758 1097 864 1127 Nostri
880 1097 1052 1134 Tragoediis
1074 1099 1136 1135 eJ'us
1161 1097 1253 1127 fuisse
1279 1097 1456 1135 argumenti,
1478 1097 1556 1133 quod
1581 1105 1661 1125 com-

136 1148 285 1182 mendare,
307 1155 373 1175 cum
389 1147 523 1183 temporis
546 1156 629 1183 saepe
652 1148 812 1185 iniquitas,
836 1156 899 1179 tum
917 1150 1011 1187 ipsius
1035 1152 1136 1187 poetae
1160 1152 1265 1187 culpa,
1295 1149 1449 1185 aliquoties
1473 1149 1579 1177 vetuit.
1617 1148 1660 1177 Ita

134 1198 319 1227 Palamedem
343 1199 412 1227 vivo
443 1198 587 1235 Vondelio⁴
614 1207 700 1228 nemo
727 1201 840 1230 laudare
863 1208 908 1232 est
937 1211 1050 1232 ausus:
1078 1203 1150 1231 hanc
1174 1202 1250 1231 enim
1272 1201 1396 1230 fabulam
1424 1201 1525 1230 Veteri
1548 1201 1659 1229 Comoe-

135 1250 222 1285 diae,
248 1258 331 1285 quam
348 1249 523 1286 Tragoediae
536 1256 683 1286 veterum,
705 1251 869 1282 siminorem
891 1262 971 1290 esse,
994 1254 1058 1290 quis
1082 1253 1197 1282 nescit?

172 1303 207 1331 In
222 1301 330 1330 Maria
346 1302 473 1330 Stuarm
495 1309 522 1330 et
538 1302 627 1331 Petro
640 1303 801 1342 Paulloque
817 1306 958 1343 Apostolis
979 1305 1112 1334 Romano
1123 1320 1135 1326 -
1145 1303 1316 1333 Catholicae
1332 1303 1480 1340 religionis
1497 1301 1659 1338 praeceptis

135 1352 175 1382 ita
191 1352 312 1381 indulsit
327 1353 498 1388 Vondelios,
521 1360 554 1382 ut
571 1354 687 1391 Hooftio
709 1363 793 1391 quam
819 1355 940 1384 maxime
963 1356 1139 1392 displiceret.
1180 1355 1291 1384 Deinde
1305 1355 1387 1383 etiam
1406 1354 1443 1383 ob
1458 1353 1592 1390 pessimis
1609 1361 1658 1381 co-

114 1403 246 1432 ‘loribus
274 1404 415 1439 depictam
447 1403 587 1440 Reginam
617 1405 745 1443 Anglz'cte
777 1407 977 1436 Elisabetham
1013 1407 1043 1435 in
1067 1407 1116 1443 jus
1143 1406 1200 1434 fuit
1225 1413 1324 1442 raptus
1355 1406 1462 1442 polita,
1493 1405 1658 1439 mulctaque

134 1454 296 1492 pecuniaria
316 1454 472 1491 adflictus,
495 1464 581 1491 quam
604 1465 744 1494 poenam,
773 1458 812 1487 ob
835 1459 954 1496 publice
974 1465 1070 1487 actum
1097 1457 1304 1493 Palamedem,
1331 1457 1388 1494 jam
1414 1456 1501 1485 semel
1529 1461 1588 1484 erat
1609 1463 1658 1484 ex·

132 1513 243 1544 pertus.

171 1557 238 1594 Ego
255 1565 322 1587 vero
344 1557 398 1593 iis,
421 1567 493 1594 quae
508 1565 622 1595 praesto
636 1567 723 1596 sunt,
747 1561 941 1597 testimoniis,
963 1561 1012 1590 ubi
1034 1561 1119 1589 datur
1142 1559 1277 1595 occasio,
1298 1565 1381 1594 utar,
1412 1566 1484 1594 quae
1500 1558 1658 1587 sententiae

135 1618 211 1639 meae
239 1616 374 1646 tanquam
402 1617 568 1646 argumenta
593 1612 741 1649 adjiciam3
769 1621 862 1649 aequo
885 1621 945 1642 non
966 1612 1084 1648 minus,
1105 1621 1137 1641 ac
1163 1611 1221 1641 fuit
1243 1610 1463 1649 Huydecoperi‚
1494 1609 1591 1638 animo
1619 1609 1656 1638 ad

135 1662 260 1691 laborem
279 1668 380 1690 memet
400 1662 552 1699 accingens
571 1662 649 1700 (9).

173 1714 210 1743 ln
230 1714 435 1751 Hierosolymis
455 1715 607 1750 Vastatis,
629 1717 716 1745 altero
743 1716 870 1753 Tragieo
891 1716 996 1746 Nostri
1019 1715 1195 1752 specimine,
1223 1719 1422 1752 argumentum
1452 1719 1551 1749 aptum
1582 1712 1655 1741 Tra⁴

137 1765 251 1803 goediae
271 1766 472 1794 desideramus.
513 1766 609 1795 Partes
630 1775 646 1795 a
667 1767 820 1797 Veteribus
851 1768 1008 1804 requisitae
1024 1775 1088 1796 non
1113 1775 1212 1795 omnes
1238 1767 1354 1795 adsunt.
1396 1767 1501 1794 Status
1526 1764 1654 1794 Commu·

137 1818 210 1846 tatio
231 1823 258 1845 et
273 1817 468 1855 Anagnorlsis
490 1817 612 1854 desunt,
643 1819 731 1847 multa
762 1820 886 1849 rudioris
914 1819 1021 1857 ingenii
1045 1817 1168 1854 vestigia
1197 1817 1306 1855 passim
1329 1817 1527 1846 inveniuntur.
1566 1816 1654 1846 Haud

1612 1875 1642 1898 ta

159 1944 214 1973 (9)
229 1945 320 1967 Pro-ven
334 1951 375 1966 van
389 1945 458 1967 Tael-
473 1952 498 1967 en
512 1946 655 1974 Dichffiund'e,
671 1946 694 1969 in
709 1947 781 1974 vrijm.
795 1953 866 1971 annm.
880 1954 910 1976 op
926 1948 1011 1970 Vondels
1023 1953 1083 1972 ven.
1104 1947 1190 1970 Heracli.
1208 1952 1253 1970 vau
1267 1946 1369 1974 ovum,
1382 1946 1424 1970 u.
1438 1952 1459 1969 2·
1474 1946 1564 1973 merdae
1581 1945 1653 1974 ¹782,

135 1986 207 2010 rraef.
223 1993 245 2015 p.
258 1991 284 2014 ³²
293 2001 302 2014 ,
317 1991 354 2012 ³³·

928 2029 949 2058 Β
971 2037 988 2066 3
