1913 2427
313 156 334 192 4
520 154 763 186 LIONIS
816 149 1351 181 SALOMolenn
1394 150 1619 182 PRAAG

321 241 377 276 les,
399 241 563 278 Metapbys.
583 225 700 268 Libz‘nx.
721 227 1198 279 cap.1.asseritf}i'21atl'1emati‹ias
1218 240 1291 280 artes
1314 236 1330 263 a
1351 234 1554 265 Sacerdotibus
1568 256 1578 272 ,
1608 235 1726 272 publica
1747 244 1829 266 vaca-

321 292 399 320 tione
422 291 520 326 fretis,
540 290 663 326 primum
686 288 814 316 inventas
837 293 909 314 esse.
1164 280 1167 282 ’
1365 284 1368 286 ·

359 342 386 370 Ο
408 341 514 370 utinam
536 341 598 368 heic
622 338 679 368 loci
702 336 929 372 antiquissimam
953 342 980 364 et
999 336 1182 365 recentiorem
1207 335 1318 364 illarum
1345 335 1448 364 artium
1476 335 1635 366 Historiam
1667 345 1827 373 exponere,

325 394 415 428 deque
442 391 590 423 earundem
613 388 746 418 laudibus
771 387 907 416 disserere
935 386 1045 415 liceret!
1087 387 1119 415 Id
1142 394 1210 414 vero
1237 392 1312 414 vetat
1345 386 1605 424 Quatuorvirorum
1623 408 1634 422 ‚
1663 389 1712 422 qui
1739 387 1828 424 hujus

322 441 626 472 commentatiunculae
647 439 765 476 Judices
791 444 894 472 erunt,
922 437 1064 473 ingenium
1093 436 1327 465 Mathematicum
1342 457 1352 472 ,
1382 438 1461 472 quod
1486 446 1584 466 omnes
1608 437 1756 466 fastuosas
1778 439 1826 466 de-

323 493 463 522 viationes
486 499 555 520 cane
578 498 605 520 et
628 498 720 527 angue
741 489 826 526 pejus
851 487 913 516 odit
935 493 1012 516 certo
1035 487 1153 515 certius.
1191 487 1280 516 Extra
1296 488 1372 516 oleas
1387 487 1483 523 itaque
1504 488 1579 516 haud
1600 489 1781 524 vagandum,
1802 494 1831 518 et

325 543 360 572 ab
380 549 548 580 argumento
570 541 647 570 haud
669 539 786 576 longius
810 539 1010 567 discedendum
1039 544 1081 566 est
1102 538 1252 573 proposito
1268 558 1278 572 ‚
1308 538 1337 566 in
1361 538 1446 574 cujus
1466 538 1660 567 tractationem
1684 547 1728 568 me
1748 545 1831 569 tanto

324 594 437 623 accinxi
463 592 614 623 lubentius
629 612 640 626 ,
669 596 777 627 quanto
802 589 832 618 id
855 598 886 617 se
912 588 983 617 mihi
1006 587 1139 625 pluribus
1160 589 1358 619 commendare
1381 588 1477 618 visum
1506 595 1574 626 est,
1603 598 1675 626 quae
1703 589 1732 619 ei
1761 594 1832 620 sunt

323 644 441 681 propria
462 650 490 672 et
507 642 672 679 peculiaria.
1420 642 1421 645 ¹

363 695 510 730 Siquidem
532 694 578 722 vis
599 691 768 729 gravitatis,
797 692 831 720 ad
854 699 938 726 quam
966 690 1116 727 pertinet,
1145 698 1210 727 prae
1241 689 1376 718 omnibus
1396 689 1454 718 fere
1481 689 1545 718 aliis
1573 689 1686 718 viribus
1716 695 1832 718 naturae

324 744 428 774 effectu
451 753 506 772 suo
530 744 653 778 eminet,
681 748 708 771 et
731 742 781 771 vix
802 741 915 778 quidem
937 740 1031 769 differt
1053 750 1067 769 a
1091 740 1119 769 vi
1142 740 1192 769 illa
1216 740 1391 775 centripeta‚
1418 741 1476 776 qua
1495 747 1523 768 et
1542 740 1572 768 vi
1593 739 1754 776 centrifuga
1773 740 1834 769 sin-

323 796 407 832 gulas
434 794 560 823 universi
590 793 689 822 mundi
714 799 808 828 partes
835 801 889 821 suo
919 793 984 821 loco
1012 791 1100 820 teneri
1126 790 1319 819 admirandum
1344 790 1416 818 illud
1448 790 1654 819 demonstravit
1681 790 1828 826 ingenium

323 845 430 874 summi
452 845 602 874 Nemone.-
631 845 718 881 hujus
747 843 856 872 inventi
878 842 1100 879 gloriosissimi,
1127 840 1341 877 Inventorisque
1360 840 1475 875 homine
1498 848 1585 877 paene
1604 841 1737 877 maioris,
1766 841 1830 870 dul-

320 894 366 924 cis
389 903 443 923 nos
468 895 618 923 delectavit
636 893 859 930 contemplatio,
889 901 965 929 quos
992 891 1238 922 celeberrimorum
1260 892 1383 929 ejusdem
1405 891 1459 920 viri
1485 893 1519 920 de
1544 892 1574 920 vi
1600 890 1750 928 gravitatis
1772 899 1832 921 me·

322 945 442 973 ritorum
466 946 626 973 necessario
647 944 786 973 recordari
812 943 880 972 fecit
901 943 1042 981 Quaestio
1068 942 1233 979 proposita,
1264 943 1359 971 eodem
1388 949 1515 978 tempore
1543 942 1573 970 in
1602 942 1766 971 memoriam
1787 950 1830 971 re-

320 1003 429 1024 vocans
449 995 547 1023 merita
571 994 634 1023 Viri
655 996 705 1024 vix
728 993 864 1029 minoris,
890 995 1021 1031 interque
1041 1003 1096 1024 nos
1116 994 1217 1030 Belgas
1238 1001 1322 1029 quam
1348 992 1469 1021 maxime
1488 992 1625 1029 celebris,
1657 1001 1747 1029 quum
1768 993 1830 1030 ipse

319 1045 369 1075 Bel
392 1055 407 1074 a
426 1046 522 1074 fuerit.

359 1055 418 1125 gui
441 1096 574 1132 n011Jam
596 1103 684 1131 aeque
711 1104 742 1124 ac
763 1084 848 1123 nobis
875 1095 912 1123 ob
937 1090 1192 1122 oculos‘versatut
1213 1089 1398 1134 Christiqnus
1423 1090 1472 1119 ille
1499 1090 1669 1129 IMgem’us,
1697 1092 1830 1123 Nobilis-

320 1146 388 1175 simi
411 1146 593 1175 Constantini
615 1146 715 1181 filius,
751 1145 821 1181 qui,
852 1143 976 1180 paternis
1002 1141 1118 1170 aedibus
1149 1140 1272 1176 relictis,
1302 1147 1329 1169 et
1353 1149 1464 1170 omnem
1489 1142 1675 1177 adspernatus
1698 1143 1830 1180 publicae

326 1198 402 1226 vitae
425 1196 624 1232 splendorem,
645 1197 679 1224 ad
701 1204 783 1231 quem
805 1195 894 1231 patris
914 1194 943 1221 in
966 1191 1083 1228 patriam
1109 1191 1208 1222 merita
1226 1198 1253 1220 et
1273 1192 1414 1227 honores,
1441 1192 1594 1228 eximiique
1610 1193 1716 1231 ingenii
1733 1194 1828 1230 vires,

325 1247 384 1283 ipsi
417 1247 490 1275 viam
516 1247 636 1281 pandere
669 1246 834 1282 potuissent
859 1252 943 1280 quam
977 1241 1163 1284 facillimam,
1192 1249 1253 1270 sese
1283 1242 1317 1271 ad
1339 1242 1506 1279 disciplinas
1536 1243 1620 1272 unice
1647 1235 1829 1278 Mathemati-

324 1306 396 1333 cas,
424 1297 561 1332 Pltysicas
585 1288 613 1324 etv
635 1295 843 1329 Moetaanicas,
871 1293 1022 1330 applicuit.
1070 1292 1222 1327 Nusquam
1246 1291 1304 1320 fere
1337 1293 1511 1321 luculentiiis
1547 1295 1681 1330 apparuit
1696 1294 1752 1324 ‘vis
1780 1294 1828 1324 illa

322 1347 475 1384 peculiaris
498 1346 681 1381 Mafflescos,
709 1347 767 1381 quai
792 1345 918 1373 hominis
939 1343 1062 1372 animum
1082 1343 1167 1371 semei
1189 1343 1320 1370 allectum
1343 1343 1399 1371 sibi
1424 1343 1539 1379 penitus
1563 1344 1732 1381 adstringitg,
1753 1353 1830 1380 pau-

320 1398 421 1434 cisque
441 1398 572 1433 iuaj0rem
597 1396 704 1432 peperit
722 1395 929 1429 celebritatem,
952 1393 1028 1429 apud
1054 1401 1162 1429 paucos
1184 1393 1305 1429 egregiis
1332 1393 1475 1422 fructibus
1501 1392 1561 1422 fuit*
1580 1393 1708 1427 felicior,
1736 1403 1824 1430 quam

321 1449 397 1484 apud
421 1448 602 1487 llugeniszm,
623 1448 692 1482 qui,
722 1446 836 1475 inventa
858 1444 1025 1475 nominatim
1041 1443 1182 1480 Cyclo'1'de
1199 1443 1445 1481 Horologiorum,r
1463 1444 1521 1473 sibi
1535 1444 1699 1481 patriaeque
1711 1444 1827 1475 immen-

324 1507 386 1527 sam
410 1499 518 1534 paravit
537 1498 667 1534 gloriam.
1071 1498 1073 1500 ’
1707 1529 1709 1531 ,
1733 1521 1737 1525 .
1804 1500 1807 1526 ζ

365 1548 464 1586 Quum
495 1549 550 1585 jam
577 1548 672 1577 omnia
688 1569 698 1582 .,
730 1556 801 1584 quae
825 1548 858 1576 ad
883 1547 949 1576 illos
980 1546 1096 1576 humani
1127 1547 1234 1584 generis
1266 1545 1396 1576 fautores
1420 1547 1619 1583 pertinerent,
1653 1547 1738 1577 nobis
1766 1556 1828 1585 per-

325 1608 409 1635 quam
435 1605 529 1627 essent
554 1605 651 1635 grata,
680 1606 756 1635 grata
789 1607 906 1634 quoque
936 1605 994 1627 erat
1020 1598 1157 1636 Quaestio
1189 1597 1357 1634 proposita;
1386 1606 1419 1626 eo
1445 1598 1555 1635 magis,
1586 1598 1665 1633 quod
1690 1598 1826 1627 Virorum

322 1650 422 1679 nostr-ft
444 1649 523 1677 laude
543 1650 678 1685 majorum
702 1650 815 1678 inventa
843 1649 1107 1685 ingeniosissimum
1124 1648 1305 1677 ἸΑῑινικιόιωι
1327 1648 1487 1677 excitarunt
1517 1649 1551 1676 ad
1575 1655 1696 1676 conatus
1720 1647 1828 1677 felicis-

324 1699 414 1728 simos
441 1699 622 1728 inveniendae
649 1701 818 1735 Machinae,
846 1701 929 1737 cujus
953 1708 1007 1736 ope
1027 1699 1120 1735 Leges
1152 1705 1250 1727 motus
1273 1699 1417 1727 accelerati
1443 1705 1470 1727 et
1500 1698 1628 1727 retardati
1654 1699 1827 1734 experimen·

319 1752 361 1779 tis
384 1751 494 1786 probari
519 1758 643 1787 possunt
667 1760 751 1787 quain
775 1750 1005 1786 accuratissime3
1030 1750 1117 1786 hujus
1136 1750 1212 1779 vero*
1227 1749 1290 1778 vici
1315 1749 1466 1778 laudabilis
1486 1749 1624 1786 J'ucundo.
1638 1749 1762 1785 utilique
1784 1750 1826 1779 in-

321 1807 408 1829 vento
432 1801 567 1829 intentius
591 1802 815 1836 consijeranio,
836 1808 863 1831 et
883 1801 1010 1839 penitius
1032 1801 1256 1837 cognoscendo,
1281 1800 1358 1829 haud
1382 1801 1477 1829 minus
1497 1808 1592 1828 ansam
1620 1800 1697 1828 dedit
1718 1800 1827 1839 Quaes-

319 1852 381 1886 tio,
403 1860 485 1885 quam
507 1852 540 1880 de
562 1861 589 1880 re
610 1853 723 1890 cognita
749 1853 930 1889 disserendo,
952 1853 1135 1888 animumque
1157 1851 1310 1888 juvenilem
1334 1851 1370 1880 ad
1391 1850 1572 1879 scribendum
1595 1851 1777 1887 appellendo.

357 1901 446 1930 Hisce
469 1902 506 1929 ol»
532 1904 633 1931 oculos
656 1904 782 1938 habitis,
810 1904 880 1932 mihi
909 1904 1023 1940 quidem
1046 1903 1095 1931 vix
1117 1911 1192 1939 opus
1215 1902 1272 1931 fuit
1293 1903 1428 1937 calcare‚·
1449 1902 1527 1937 quod
1556 1902 1726 1939 plerumque
1747 1909 1824 1939 prae-

316 1952 383 1983 bere
412 1953 484 1982 solet
505 1955 658 1990 praemium
683 1955 712 1983 in
736 1954 829 1984 medio
851 1954 978 1992 positum
995 1975 1005 1991 ,
1039 1954 1119 1991 quod
1138 1962 1204 1984 vero
1229 1961 1274 1985 me
1301 1959 1380 1984 tauto
1405 1953 1512 1991 minus,
1535 1952 1680 1984 stimulare
1705 1952 1824 1989 potuit,

1736 2006 1823 2035 ‘luan-
