1913 2427
374 146 855 183 DISSERTATIO
920 145 1324 183 L'ITERARI'A'.
1563 142 1609 178 ὃὸ

400 259 408 274 ,
409 256 745 273 ........
786 235 833 264 En
855 235 923 264 kust
942 234 996 263 den
1017 234 1151 264 bleecken
1173 241 1264 266 mont.

289 256 376 326 „Hy
398 294 486 325 opent
507 287 652 325 pynelyck
675 294 732 322 zyn
754 284 819 313 half
840 285 975 322 gelokene
998 294 1109 323 oogen,

296 341 370 376 ‚En
391 340 447 368 ziet
467 348 501 368 ze
519 340 594 368 noch
620 347 686 367 eens
709 345 780 372 aen,
800 344 834 364 en
856 337 962 372 schynt
981 343 1037 364 met
1063 337 1129 365 haer
1149 336 1289 372 bewogen

284 411 302 427 ,‚
322 392 376 420 Die
394 392 458 421 hem
481 399 555 428 zyne
577 398 669 427 oogen
692 388 802 424 luickt3
824 387 874 423 Hy
894 387 969 424 geeft
989 388 1044 417 den
1064 388 1153 417 lesten
1177 385 1310 417 zucht!'²

137 481 224 512 Ovid.
246 481 371 510 Metam.
396 480 436 510 L.
454 481 506 511 111.
535 479 606 509 Fab.
622 488 651 515 4.

570 556 767 592 Amplexaque
788 561 896 589 corpus
919 559 1042 582 amatum

314 608 439 637 Vulnera
460 608 607 644 supplevit
629 606 779 643 lacrymis:
802 605 958 640 fletumque
981 603 1078 632 cruori

319 658 464 693 Miscuit,
485 665 511 687 et
531 658 633 695 gelidis
654 658 683 686 in
707 657 836 686 vultibus
860 656 961 686 oscula
982 655 1074 692 figens

319 710 462 745 Pyramo!
482 709 633 738 clamavit!
676 727 885 737 .....

327 812 374 841 Ad
394 820 498 840 nomen
518 811 645 847 Thisbes,
668 811 771 839 oculos
787 810 843 847 jam
863 816 955 839 morte
976 816 1107 846 gravatos

317 863 462 900 Pyramus
481 863 590 898 erexit,
611 862 734 898 visaque
755 860 916 889 recondidit
935 860 995 889 illa.

130 954 266 986 Conferri
283 959 382 991 potest
403 951 562 991 Euripides
584 952 615 981 in
633 952 810 986 Phoenissis,
831 959 862 978 v.
889 950 971 986 1446.
993 949 1096 979 Valck.
1121 948 1164 979 ed.

659 1039 807 1074 Ἐτεοκλῆς
828 1039 900 1075 ἄναξ

420 1093 545 1124 Ἤκουσε
564 1092 683 1130 μητρός·
705 1092 824 1128 κξιπιθεὶς
850 1092 935 1128 ὑγρὰν
952 1090 1039 1128 χέρα,

436 1146 527 1178 Φωνὴν
546 1145 598 1180 μὲν
616 1145 665 1174 οὐκ
689 1145 816 1179 ἀφῆκεν,
837 1142 970 1179 ὀμμάτων
997 1141 1023 1172 δ’
1042 1142 1099 1172 ἄπο

434 1199 568 1233 Πρω-εἷπε
590 1195 733 1232 δακρύοις,
760 1193 848 1224 ὥστε
871 1196 1034 1231 σημῆναι
1057 1192 1163 1230 ΦΙλω.

132 1284 209 1314 Cum
223 1283 324 1313 ceteris
340 1283 449 1320 legatur
464 1284 553 1322 Virg.
566 1284 588 1313 1.
601 1283 658 1312 cit.
676 1283 723 1319 ΙΙ,
741 1292 770 1312 v.
786 1293 840 1322 759
851 1285 964 1321 -769.
986 1284 1018 1313 In
1035 1292 1078 1312 sc.
1093 1291 1120 1319 3.
1137 1281 1262 1319 ejusdem
1271 1280 1365 1309 Actus
1382 1287 1412 1308 v.
1427 1279 1485 1315 656
1492 1279 1603 1314 —667.

92 1334 153 1372 (ad
175 1333 262 1363 verba
283 1334 469 1372 Raphaelis)
492 1335 622 1371 legantur
640 1333 680 1363 L.
699 1334 724 1362 1.
754 1343 800 1363 vs.
820 1344 880 1371 410
897 1350 930 1357 —
947 1343 1024 1372 413,
1047 1336 1099 1370 781
1116 1342 1181 1371 sqq.
1213 1341 1289 1369 701,
1311 1340 1386 1368 704,
1408 1339 1463 1367 712
1480 1345 1513 1351 ·-
1535 1329 1601 1365 716.

132 1422 243 1452 Eodem
258 1423 364 1457 modo,
391 1430 450 1458 quo
473 1423 542 1451 haec
564 1422 743 1459 Tragoedia,
765 1423 915 1453 maximam
934 1429 1057 1460 partem,
1089 1423 1226 1460 originem
1244 1430 1325 1450 suam
1349 1429 1365 1449 a
1389 1419 1515 1457 Vingilio
1531 1425 1609 1454 repe-

95 1474 151 1510 tit,
179 1473 340 1510 Tragoedia
369 1473 500 1502 Phaiton
537 1473 672 1504 Ovidium
703 1475 787 1503 habet
821 1482 974 1512 patronum
991 1496 1001 1511 ,
1031 1475 1115 1511 cujus
1150 1474 1256 1502 librum
1290 1472 1407 1501 Metam.
1427 1470 1455 1499 II
1491 1469 1607 1499 redolet.

95 1525 306 1561 Comparemr,
330 1524 450 1560 exempli
477 1525 583 1561 gratia,
616 1534 682 1554 cum
702 1526 797 1554 Actus
819 1526 865 1561 V,
895 1535 938 1555 sc.
965 1534 999 1561 1,
1028 1533 1129 1554 versus
1154 1532 1208 1561 319
1227 1529 1255 1552 et
1270 1531 1354 1558 seqq.
1371 1522 1406 1550 ad
1426 1521 1482 1558 326
1504 1525 1531 1548 et
1555 1524 1609 1555 335

94 1576 130 1605 ad
151 1584 217 1612 337.
241 1582 268 1604 et
292 1583 376 1612 cum,
398 1575 500 1612 primis
523 1577 648 1613 ejusdem
676 1576 743 1606 libri
766 1577 902 1608 Ovidiani
924 1577 1077 1613 versibus,
1102 1582 1204 1605 scenae
1227 1574 1334 1611 primae
1358 1572 1388 1601 in
1413 1572 1509 1609 primo
1528 1570 1606 1599 Actu

94 1626 222 1656 initium.

792 1731 822 1767 §-
861 1739 891 1767 4.

135 1827 197 1866 Jam
224 1827 319 1856 missis
341 1827 459 1865 integris
481 1827 669 1866 Tragoediis‚
696 1838 731 1859 ex
750 1836 878 1860 veterum
908 1829 1030 1867 poeticis
1055 1829 1191 1867 operibus
1215 1828 1274 1857 fere
1295 1826 1449 1861 demittitis,
1477 1823 1604 1860 descrip-

103 1880 198 1910 tiones
223 1880 448 1916 elegantissimas
469 1888 600 1911 nostrum
618 1891 652 1911 ex
677 1885 839 1913 eorumdem
863 1884 986 1912 lectione
1009 1880 1129 1910 traxisse
1144 1900 1155 1915 ‚
1182 1879 1281 1916 paucis
1308 1868 1502 1908 ostendamus.
1548 1874 1606 1904 De-

102 1930 197 1967 pinxit
217 1930 247 1959 in
269 1923 405 1968 luciferi
427 1933 497 1963 Act.
521 1933 545 1962 1.
576 1943 619 1963 sc.
643 1943 670 1964 ι.
697 1935 852 1965 Vondelius
872 1933 1037 1969 hominem,
1058 1932 1139 1961 hisce
1160 1929 1308 1961 versibus:

904 2017 930 2047 E
1529 2012 1612 2046 Geen
