1913 2427
413 143 893 175 DISSERTATIO
958 145 1324 178 BOTANICA.
1594 157 1631 190 ¹7

113 231 217 261 ciculis
240 229 438 268 colliguntur,
462 230 500 259 ita
518 230 592 258 inter
614 230 766 260 medullam
785 237 813 259 et
834 231 970 261 corticem
994 232 1149 269 dispositis
1163 254 1173 268 ,
1196 240 1229 262 ut
1252 233 1403 262 medullam
1430 241 1551 268 versus,
1579 233 1633 261 mi-

113 292 204 319 nora,
231 282 366 312 corticem
389 289 511 316 versus,
534 281 659 318 maiora,
689 282 829 310 collocata
851 282 910 311 sint
931 292 998 313 vasa
1025 284 1158 321 spiralia:
1188 285 1322 327 fasciculi
1351 294 1462 321 semper
1483 286 1632 315 continent

112 343 180 364 vasa
198 333 314 370 spiralia
334 333 508 362 circumdata
529 333 643 361 cellulis
668 333 825 369 elongatis,
847 340 879 362 ut
903 336 1049 369 proximae
1070 337 1148 365 vasis
1171 337 1310 372 cellulae,
1341 337 1447 366 sensim
1469 338 1632 366 decrescen-

109 392 175 422 tes,
195 385 324 414 omnium
349 384 480 413 minimae
501 384 573 413 sint.
620 385 677 414 Sex
700 391 769 414 sunt
799 385 902 414 horum
929 386 1077 422 spiralium
1104 396 1239 417 vasorum
1269 388 1400 425 species,
1431 397 1503 425 quae
1532 389 1632 418 dicun·

111 443 160 466 tur
175 438 330 467 vaisscaux
351 436 478 474 simples,
500 436 688 471 annulaircs,
706 440 863 474 ponctuc's,
886 437 1032 474 ramifie's,
1057 441 1243 469 reticulat'res
1262 447 1289 469 ct
1313 450 1347 469 en
1371 441 1512 479 chapelec.

151 498 179 518 1.
200 489 427 525 Componuntur
449 496 506 516 una
527 489 573 516 vel
594 489 727 524 pluribus
753 488 833 517 fibris
858 489 1030 525 spiralibus,
1055 498 1086 519 ut
1110 492 1228 527 parietes
1253 492 1329 521 vasis
1353 493 1524 521 claudantur
1542 493 1632 521 cellu-

109 541 201 571 larum
224 540 412 577 adjacentium
437 539 615 576 parietibus3
639 540 666 568 in
690 539 954 576 imperfectioribus
977 544 1085 580 plantis
1112 545 1227 581 insunt,
1253 553 1285 574 ut
1306 546 1335 574 in
1356 546 1510 582 Equiseto.

146 603 174 623 2.
195 593 423 629 Componuntur
440 592 520 620 fibris
543 592 724 625 annulatus,
744 601 795 629 per
817 595 909 630 spatia
932 595 1030 624 relicta
1052 595 1297 626 circumdantibus
1320 598 1421 626 lineam
1443 598 1632 634 perpendicu-

108 645 209 681 larem3
239 644 270 673 in
299 652 453 680 permagno
484 643 645 679 plantarum
680 652 800 673 numero
828 652 1006 681 occurrunt,
1035 653 1064 674 et
1093 648 1122 676 in
1152 648 1248 677 herbis
1281 650 1399 678 eundem
1424 656 1567 686 occupant
1589 651 1632 678 lo-

107 704 191 733 cum,
214 704 298 732 quem
322 696 417 724 solent
435 704 577 732 occupare
603 696 766 732 simplicia,
787 697 921 725 nimirum
945 698 1095 727 medullam
1114 707 1226 729 versus.

149 755 177 784 3.
217 746 358 776 Nascitur
378 753 467 775 aetate
483 747 619 776 adultiori
640 756 674 776 ex
697 747 847 784 simplice,
870 749 895 777 si
919 748 1064 785 fingantur
1084 749 1178 786 spirae
1195 759 1211 778 a
1235 759 1266 779 se
1284 750 1406 780 invicem
1430 752 1578 787 secedere,
1603 757 1632 780 et

106 798 267 834 relinquere
289 798 462 834 interstitia,
484 807 556 834 quae
580 800 686 835 repleat
703 799 896 828 membranula
913 800 1053 836 diaphana
1082 800 1192 837 exiguis
1218 803 1337 838 punctis
1364 803 1522 839 ellipticis,
1552 812 1630 832 nunc

107 850 259 886 obscuris,
287 858 364 879 nunc
388 849 540 886 perforatis
563 856 591 878 et
617 851 884 886 transparentibus:
916 850 1083 888 frequentes
1109 861 1178 881 sunt
1203 854 1232 882 in
1259 855 1367 890 plantis
1394 854 1521 890 adultis,
1547 861 1574 882 et
1600 855 1630 884 in

107 902 189 939 ligno
213 902 320 939 majora
341 907 411 930 sunt
433 901 590 938 spiralibus
613 902 810 938 simplicibus.
850 902 883 931 In
908 903 1014 939 plantis
1039 905 1143 933 annuis
1168 912 1313 942 occupant
1335 906 1499 935 exteriorem
1520 911 1629 941 partem

107 953 240 983 fasciculi
262 962 420 990 vasorum,
441 959 469 982 et
493 953 615 983 maxima
638 954 775 983 corticem
797 962 909 984 versus.
925 961 994 984 sunt
1020 957 1183 993 collocata3
1212 957 1241 986 in
1274 957 1355 996 ligno
1383 964 1483 987 contra
1512 958 1632 988 maxima

106 1006 260 1035 medullam
284 1013 397 1035 versus.

123 1078 125 1082 Α
145 1066 177 1094 4.
199 1065 228 1094 5.
258 1058 449 1095 Formantur,
471 1059 497 1089 si
523 1059 614 1097 fingas
641 1059 734 1097 spiras
757 1060 903 1097 simplices
928 1060 1055 1090 secedere
1078 1069 1093 1089 a
1110 1069 1140 1090 se
1161 1061 1306 1097 invicem,
1334 1067 1361 1089 et
1385 1061 1512 1090 emittere
1537 1070 1629 1091 novas

105 1108 218 1146 spiras,
242 1117 314 1145 quae
335 1111 475 1140 claudunt
497 1112 596 1141 relicta
623 1112 697 1141 inter
721 1112 867 1150 simplices
891 1113 984 1149 spiras
1008 1112 1177 1149 interstitia3
1210 1112 1314 1148 quodsi
1339 1113 1435 1149 plures
1464 1114 1557 1149 spirae
1586 1122 1629 1142 re-

106 1161 203 1198 pleant
224 1161 396 1198 interstitia,
416 1163 553 1192 dicuntur
569 1172 637 1193 vasa
661 1165 828 1200 reticulata,
854 1164 900 1193 sin
922 1171 1017 1194 autem
1037 1165 1207 1201 pauciores,
1230 1173 1358 1202 ramosa3
1380 1164 1530 1201 pauciores
1545 1165 1627 1202 plan-

107 1218 154 1240 tae
171 1212 240 1241 haee
264 1212 433 1249 continent,
454 1214 538 1250 plura
559 1223 627 1244 vero
644 1215 675 1244 in
696 1216 809 1251 radice,
831 1223 917 1252 quam
938 1215 967 1244 in
992 1224 1103 1245 cormo.
1606 1240 1611 1243 .

143 1263 175 1293 6.
197 1262 273 1292 Sunt
295 1272 369 1300 quae
393 1266 488 1294 nodos
512 1265 541 1294 in
563 1267 673 1296 truncis
698 1266 861 1303 frequentes
886 1275 914 1296 et
937 1268 1044 1297 radices
1072 1267 1273 1298 tuberculosas
1296 1274 1459 1297 transeunt:
1488 1267 1558 1297 nodi
1580 1276 1631 1296 au-

105 1320 163 1344 tem
193 1314 375 1351 formantur,
403 1316 429 1345 si
454 1317 506 1346 hac
529 1317 613 1347 illave
638 1318 747 1347 ratione
769 1319 930 1354 plantarum
953 1318 1129 1348 increscendi
1148 1321 1251 1348 modus
1281 1320 1453 1355 retardatur,
1476 1325 1626 1356 mutatur,

104 1367 365 1403 aperpendiculari
390 1368 421 1397 in
448 1368 657 1399 horizontalem
686 1371 778 1399 situm
811 1370 980 1406 derivatur,
1006 1370 1120 1399 cellulis
1149 1370 1218 1399 alias
1247 1371 1388 1408 elongatis
1423 1371 1571 1399 conversis
1600 1370 1630 1399 in

105 1418 275 1455 breviores,
303 1426 482 1457 coarctatas3
511 1422 653 1458 ejusmodi
678 1423 774 1451 nodos
807 1422 832 1450 si
858 1428 1008 1451 transeunt
1028 1430 1097 1450 vasa
1120 1421 1256 1458 spiralia,
1287 1430 1433 1457 quaequae
1458 1423 1538 1457 sint,
1560 1421 1630 1450 sim-

105 1470 212 1507 plicia,
231 1471 279 1499 vel
301 1477 429 1507 caetera,
453 1472 578 1502 subeunt
600 1473 831 1508 coarctationes,
853 1472 882 1500 in
900 1472 1119 1508 propinquitate
1139 1472 1281 1500 nodorum
1301 1472 1416 1509 jamjam
1440 1472 1630 1508 incipientes,

105 1530 253 1560 tantopere
275 1532 343 1553 vero
367 1531 466 1554 auctas
489 1525 518 1554 in
542 1526 616 1562 ipsis
635 1526 736 1562 nodis,
766 1532 799 1554 ut
823 1525 868 1554 vel
901 1532 968 1552 vasa
995 1523 1175 1558 dividantur,
1203 1522 1339 1551 utriculis
1370 1522 1502 1552 formatis
1526 1523 1639 1554 oblou-,

105 1575 169 1612 gis,
191 1574 305 1603 filorum
329 1575 420 1604 instar
443 1577 597 1606 contextis.

118 1629 121 1633 '
142 1625 306 1662 Epidermis
332 1627 455 1663 denique
479 1627 680 1656 tenuissimum
703 1629 833 1658 mollium
864 1628 1067 1665 vegetabilium
1098 1626 1302 1663 perfectiorum
1328 1627 1451 1663 partium
1484 1633 1630 1664 tegumen-

105 1683 166 1707 tum
191 1678 424 1707 membranosum
449 1685 476 1707 et
493 1686 691 1716 transparens,
714 1680 922 1710 minutissimis
938 1681 1067 1709 vasculis
1086 1680 1244 1716 repletu1n3
1266 1680 1334 1708 haec
1357 1687 1414 1709 rete
1435 1679 1580 1716 formant,
1602 1687 1630 1709 et

108 1728 240 1758 videntur
262 1729 290 1757 in
313 1737 402 1765 poros
426 1729 573 1764 desinere,
595 1737 623 1758 et
643 1737 789 1768 occupant
813 1730 914 1760 faciem
946 1732 1101 1767 foliorum,
1122 1737 1182 1760 tum
1209 1731 1402 1768 superiorem,
1424 1738 1486 1761 tum
1512 1731 1630 1761 inferio-

108 1788 187 1817 κως
222 1780 326 1809 desunt
356 1787 448 1809 autem
482 1780 644 1817 radicibus,
670 1788 698 1811 et
729 1784 855 1819 plantis,
885 1783 1058 1820 epidermide
1083 1783 1266 1819 carentibus,
1299 1790 1333 1812 ut
1358 1783 1477 1819 Bissis,
1508 1782 1632 1812 Confer-

110 1832 173 1867 vis,
202 1831 403 1868 Lichenibus,
433 1833 534 1867 Fucis3
566 1834 650 1869 pori,
682 1835 851 1864 observante
876 1835 1047 1874 Rezdolphi,
1083 1836 1188 1864 desunt
1212 1835 1414 1871 Lichenibus,
1444 1841 1470 1864 et
1486 1835 1629 1869 -Muscis,

107 1872 210 1920 paucis
232 1883 377 1919 exceptis3
401 1883 501 1912 insunt
524 1884 552 1912 in
575 1885 769 1921 aquaticarum
795 1889 954 1924 plantarum
972 1888 1081 1924 {coi-mii
1096 1894 1176 1924 parte
1200 1895 1284 1923 supra
1303 1895 1405 1922 aquam
1432 1887 1632 1924 prominente,

111 1933 139 1962 in
163 1933 349 1970 plurimarum
375 1935 494 1964 aliarum
523 1936 602 1965 omni
627 1944 747 1975 cot-mo,
769 1937 798 1968 in
823 1945 943 1974 utraque
971 1939 1109 1968 foliorum
1136 1938 1240 1976 pagina
1269 1938 1496 1976 gmminearum,
1524 1939 1631 1976 palma·

919 1991 944 2018 C
1548 1996 1633 2024 rum,
