1913 2427
316 128 804 160 DISSERTATIO
868 129 1411 170 PHILOSOPHICA,
1582 136 1628 172 35

109 237 133 256 „
147 222 236 252 sunt,
256 215 336 245 firma
355 215 559 245 devinciuntur
573 217 722 246 societate.
744 215 818 250 Sed,
833 223 897 244 curn
915 216 1009 246 omnia
1024 218 1133 247 rarione
1147 218 1302 255 animoque
1315 220 1447 250 lustraris
1458 242 1468 257 ‚
1492 223 1622 255 omnium

103 290 130 307 „
149 271 318 298 societatum
342 269 421 296 nulla
450 274 494 296 est
517 268 650 305 gravior,
676 267 756 296 nulla
778 266 886 302 carior,
915 277 999 304 quam
1024 278 1070 306 ea,
1102 279 1174 306 quae
1201 280 1267 300 cum
1300 281 1358 309 rep.
1387 279 1430 301 est
1460 274 1620 312 unicuique

100 342 126 359 „
145 326 295 352 nostrum:
318 320 376 350 cari
394 326 464 348 sunt
485 327 634 355 parentes,
654 319 712 348 cari
735 319 838 355 liberi,
866 322 1044 358 propinqui,
1073 322 1246 360 fami1iares3
1279 324 1330 353 sed
1361 333 1462 354 omnes
1487 327 1617 358 omnium

98 392 125 409 ,²
143 375 273 404 caritates
295 373 386 409 patria
418 381 476 402 una
499 373 649 409 complexa
673 380 734 401 est:
763 381 818 409 pro
848 381 905 408 qua
934 374 1001 410 quis
1034 374 1129 404 bonus
1160 375 1273 405 dubitet
1306 382 1426 405 mortem
1457 385 1613 415 oppetere,

97 445 122 462 „
142 425 168 453 si
191 425 216 454 ei
239 424 277 454 sit
299 424 493 462 profuturus?
541 424 609 462 Quo
635 430 678 453 est
706 422 900 453 detestabilior
927 432 1025 454 eorum
1050 426 1236 463 immanitas,
1265 428 1316 464 qui
1342 429 1500 459 lacerarunt
1531 430 1612 460 omni.

97 497 126 513 „
144 478 248 506 scelere
271 477 414 514 patriam,
432 483 460 505 et
481 476 511 506 in
535 485 567 505 ea
589 476 722 505 funditus
750 476 866 504 delenda
892 477 1027 514 occupati
1049 485 1075 507 et
1099 486 1167 508 sunt
1192 486 1220 507 et
1241 478 1370 510 fuerunt.
1380 480 1400 493 ’³
1419 481 1479 518 <de
1504 482 1563 519 Off.
1583 482 1610 512 Ι.

97 530 144 559 16.
171 530 240 566 ¹7·)
280 528 336 558 Sed
357 535 476 564 contra,
498 548 517 564 ‚,
533 537 591 565 quo
616 528 657 557 sis
673 527 792 557 alacrior
806 528 841 556 ad
859 530 1006 558 tutandam
1028 539 1139 567 remp.,
1166 532 1209 561 sic
1230 532 1353 562 habeto:
1381 525 1533 570 omnibus,
1562 533 1614 571 qui

96 600 121 618 ‚.‚
139 580 258 617 patriam
276 579 493 615 conservarint,
517 580 718 618 adjunxerint,
735 579 885 615 auxerint,
910 587 1018 610 certum
1040 590 1102 611 esse
1121 582 1151 612 in
1167 584 1249 613 coelo
1266 585 1469 614 acrdefinitum
1492 586 1609 622 locum,

95 652 121 669 „
141 631 191 660 ubi
215 631 290 660 beati
317 640 388 661 aevo
417 631 591 668 sempiterno
627 630 778 661 fruantur:
804 631 878 660 nihil
908 639 952 661 est
974 633 1054 663 enim·
1077 635 1120 663 illi
1145 636 1270 672 principi
1298 637 1381 673 Deo,
1411 638 1462 674 qui
1497 648 1611 669 omnem

96 706 121 722 ,‚
140 686 218 715 hunc
241 686 380 714 mundum
406 685 498 722 regit,
520 685 600 721 quod
619 685 732 720 quidem
749 683 779 713 in
800 684 882 714 terris
908 685 978 721 fiat,
1002 687 1170 723 acceptius,
1200 696 1284 723 quam
1301 689 1424 717 concilia
1451 696 1619 727 coetusque

94 758 120 774 ‚,
138 737 289 766 hominum
309 737 374 774 J'ure
392 736 515 772 sociati,
536 744 610 773 quae
629 736 761 765 civitates
776 738 973 775 appellantur:
995 738 1094 768 harum
1112 747 1235 769 rectores
1248 747 1275 769 et
1291 747 1507 771 conservatores
1518 763 1527 777 ,
1542 742 1611 771 hine

92 808 119 826 „
137 788 263 825 profecti
281 809 293 824 ‚
322 789 379 818 huc
407 788 628 818 revertuntur.”
655 789 776 826 (Somn.
802 790 877 829 Scip.
905 798 930 819 c.
949 791 1007 829 3,)
1057 812 1081 827 ,,
1101 791 1156 820 Sed
1184 791 1209 820 si
1239 793 1388 822 contentio
1423 793 1556 829 quaedam
1584 800 1614 823 et

91 860 116 877 „
136 839 314 876 comparatio
338 840 407 875 fiat,
430 840 536 877 quibus
558 840 714 877 plurImum
736 840 920 869 tribuendum
943 841 983 870 sit
1002 841 1108 878 officii,
1137 843 1287 880 principes
1307 843 1366 872 sint
1395 844 1487 880 patria
1510 851 1537 874 et
1561 852 1613 881 pa·

89 912 120 929 ‚,‚
137 899 251 927 rentes,
284 900 406 927 quorum
436 891 583 921 beneficiis
615 892 745 921 maximis
773 891 892 929 obligati
913 901 1030 929 sumus;
1061 894 1185 934 proximi
1211 895 1310 930 liberi,
1340 901 1459 931 totaque
1485 897 1612 934 domus,

89 964 115 980 „
137 952 210 980 quae
231 949 342 980 spectat
363 943 393 972 in
413 951 468 973 nos
493 944 592 979 solos,
614 952 707 980 neque
726 943 807 973 aliud
828 944 920 973 ullum
936 951 1034 981 potest
1053 946 1155 975 habere
1173 946 1357 984 perfugium:
1380 947 1517 984 deinceps
1537 948 1610 977 bene

88 995 336 1031 „convenientes
369 995 554 1032 propinqui,
591 995 766 1031 quibuscum
798 996 883 1025 etiam
919 997 1082 1025 communis
1111 997 1279 1035 plerumque
1312 998 1430 1028 fortuna
1461 1005 1517 1028 est.
1550 999 1612 1035 (de

86 1066 115 1083 „
133 1047 211 1085 Offic.
232 1046 256 1076 1.
280 1047 327 1075 16.
352 1048 429 1084 1-7.)
468 1067 487 1082 „
507 1047 542 1076 In
566 1046 644 1076 omni
662 1046 753 1083 igitur
771 1047 915 1083 honestos
936 1047 1012 1076 nihil
1034 1054 1077 1077 est
1101 1055 1159 1077 tam
1181 1049 1313 1085 illustre,
1342 1058 1394 1078 nee
1419 1050 1498 1085 quod
1523 1049 1612 1079 latius

86 1119 117 1136 „.
132 1105 245 1136 pateat,
267 1107 352 1135 quam
378 1099 547 1136 coniunctio
570 1100 644 1129 inter
666 1099 798 1129 homines
822 1099 992 1135 hominum,
1016 1106 1043 1128 et
1063 1101 1147 1136 quasi
1171 1100 1305 1136 quaedam
1328 1100 1453 1130 societas
1473 1107 1502 1130 et
1527 1110 1612 1131 com-

88 1170 113 1187 „
134 1149 292 1179 municatio
313 1150 490 1187 utilitatum,
513 1158 541 1180 et
567 1151 630 1188 ipsa
648 1152 748 1181 caritas
770 1152 880 1189 generis
905 1151 1041 1188 humani,
1070 1161 1143 1188 quae
1165 1159 1230 1182 nata
1252 1161 1268 1181 a
1290 1152 1383 1189 primo
1404 1159 1568 1189 sat11,-quo
1591 1161 1609 1182 a

86 1202 362 1238 „procreatoribus
388 1203 450 1231 nati
470 1202 652 1240 diliguntur,
683 1210 711 1232 et
737 1209 798 1232 tota
823 1204 928 1233 domus
952 1204 1090 1242 coniugio
1113 1211 1140 1232 et
1164 1204 1255 1240 stirpe
1280 1204 1487 1242 conjungitur,
1516 1205 1608 1241 serpit

83 1273 108 1289 „
128 1254 234 1283 sensim
255 1253 354 1289 foras,
374 1254 603 1291 cognationibus·
623 1254 769 1291 primum,
789 1261 850 1283 tum
872 1254 1078 1290 affinitatibus,
1107 1255 1208 1283 deinde
1229 1255 1382 1290 amicitiis,
1409 1263 1480 1292 post
1498 1256 1609 1285 vicini«

85 1324 111 1341 „
131 1305 258 1340 tatibus,
279 1311 341 1333 tum
361 1304 495 1340 civibus,
517 1312 544 1333 et
566 1305 601 1333 iis
626 1305 676 1340 qui
701 1305 819 1341 publice
847 1305 920 1333 socii
949 1311 1035 1341 atque
1056 1305 1139 1334 amici
1166 1313 1255 1341 sunt,
1280 1306 1383 1337 deinde
1407 1307 1499 1337 totins
1521 1315 1603 1337 com-

85 1375 118 1393 „
129 1357 218 1393 plexu
230 1356 340 1393 generis
356 1355 485 1385 humani.
510 1355 607 1394 zQuae
622 1357 708 1385 animi
726 1356 840 1387 affectio
852 1379 861 1391 .,
883 1365 972 1386 suum
988 1358 1094 1394 cuique
1109 1358 1261 1395 tribuens,
1281 1365 1370 1395 atque
1390 1358 1464 1388 hane
1475 1380 1486 1395 ,
1516 1367 1602 1396 quam

85 1424 109 1444 ,9
129 1407 216 1442 dico,
237 1407 400 1436 societatem
419 1406 639 1443 coniunctionis
665 1408 804 1437 humanae
824 1407 960 1437 munifice
982 1416 1010 1437 et
1033 1418 1121 1446 aeque
1140 1416 1244 1445 tuens,
1263 1409 1378 1447 J'ustitia
1400 1410 1526 1446 dicitur,
1553 1409 1604 1439 cui

84 1478 110 1494 „
131 1464 199 1487 sunt
215 1458 387 1495 conjunctae
403 1457 516 1494 pietas,
536 1458 672 1494 bonitas,
694 1459 870 1494 liberalitas,
890 1459 1072 1497 benignitas,
1094 1461 1237 1497 comitas,
1258 1469 1389 1497 quaeque
1406 1468 1473 1490 sunt
1494 1460 1606 1498 generis

83 1530 108 1546 ,‚
130 1510 272 1547 ejusdem:
295 1516 381 1544 atque
398 1509 466 1537 haec
488 1509 528 1538 ita
538 1510 665 1546 iustitiae
683 1511 802 1547 propria
824 1518 913 1546 sunt,
936 1518 968 1539 ut
988 1511 1046 1539 sint
1068 1512 1209 1540 virtutum
1233 1512 1405 1547 reliquarum
1427 1512 1606 1542 communia.

82 1561 202 1600 „·Nam
226 1569 291 1590 cum
322 1560 365 1590 sic
394 1560 522 1590 hominis
546 1569 645 1590 natura
674 1568 802 1599 generata
826 1563 883 1598 sit,
916 1568 949 1590 ut
973 1562 1073 1590 habeat
1101 1562 1235 1598 quiddam
1260 1563 1390 1592 innatum
1416 1564 1498 1599 quasi
1521 1563 1608 1593 civile

37 1623 44 1627 ’
84 1633 109 1649 ,,
129 1621 214 1649 atque
230 1615 369 1649 populare
381 1633 391 1648 ‚
411 1614 490 1648 quod
508 1613 611 1643 Gracci
627 1617 764 1646 πολιτικὸν
783 1622 907 1650 vocant,
931 1613 1073 1649 quidquid
1090 1620 1153 1651 agat
1169 1622 1298 1650 quaeque
1312 1615 1420 1650 virtus;
1436 1615 1465 1644 id
1479 1624 1509 1644 ea
1525 1624 1606 1644 com-

83 1682 117 1701 „·
126 1664 286 1700 munitate,
308 1671 335 1693 et
358 1674 409 1702 ea,
436 1675 521 1702 quam
545 1665 684 1702 exposui,
705 1665 821 1696 caritate
841 1674 928 1703 atque
950 1665 1085 1694 societate
1106 1665 1229 1695 humana
1251 1675 1310 1695 non
1332 1665 1539 1695 abhorrebit.’'

112 1715 263 1752 'Apparuit
282 1724 316 1745 ex
339 1717 518 1753 disputatis,
545 1725 628 1752 quarn
655 1717 743 1746 variis
764 1724 792 1746 et
813 1716 986 1747 firmissimis
1010 1716 1152 1752 nexibus,
1182 1723 1208 1745 et
1229 1718 1374 1753 vinculis,
1395 1724 1494 1747 natura
1511 1717 1605 1746 homi·

82 1775 154 1796 num
175 1767 248 1796 {nter
269 1776 300 1796 se
322 1768 487 1797 societatem
505 1768 683 1804 devinxerit,
709 1769 750 1798 ita
768 1776 801 1798 ut
823 1770 902 1798 nulla
919 1777 1066 1804 superesse
1094 1769 1241 1798 dubitatio
1266 1770 1383 1806 possit,
1414 1769 1486 1805 quin
1507 1778 1606 1799 ncces·

83 1817 187 1846 sanium
206 1817 290 1853 plane
311 1819 350 1847 sit
370 1818 502 1854 homini,
523 1825 556 1847 ut
579 1819 662 1854 aliis,
690 1825 835 1855 tamquam
867 1820 1071 1855 adminiculis,
1102 1820 1268 1856 annitatur,
1296 1829 1453 1856 eorumque
1482 1821 1605 1858 conjun-

83 1869 179 1898 ctione
193 1869 357 1898 delectetur.
397 1871 495 1906 Atque
511 1871 656 1900 societatis
673 1871 750 1900 illius
767 1872 912 1909 appetitus
928 1872 1028 1907 initia,
1050 1881 1151 1901 causas
1163 1893 1172 1907 ,
1194 1880 1281 1908 atque
1300 1880 1470 1910 progressus
1481 1893 1491 1908 ,
1513 1873 1606 1902 incre-

85 1925 199 1954 menta,
220 1926 246 1948 et
262 1920 490 1950 constitutiones
507 1922 656 1951 civitatum
671 1929 698 1952 et
711 1931 834 1959 rerump.
846 1931 902 1953 tam
919 1924 1085 1960 diligenter,
1111 1930 1168 1952 tam
1187 1924 1298 1960 egregie
1315 1930 1341 1953 et
1358 1931 1422 1952 vere
1433 1944 1444 1958 ,
1470 1931 1605 1960 persecu-

83 1975 130 2000 tus
149 1978 191 1999 est
207 1969 324 2007 Cicero,
351 1979 382 2001 ut
402 1972 447 2002 his
466 1972 551 2003 facile
563 1974 653 2004 simus
675 1975 822 2012 contenti,
840 1984 932 2012 neque
947 1975 1053 2023 plur23
1071 1982 1122 2004 aut
1139 1975 1231 2012 magis
1249 1982 1367 2010 ornata,
1392 1975 1594 2004 desidere—mua.

1511 2024 1612 2063 Quod-
