1913 2427
210 144 252 176 30
595 138 952 172 JACO'BI
1038 139 1351 172 LANDT

253 229 336 259 Acris
360 228 500 259 influxum
521 227 550 256 in
577 235 685 264 corpus
709 227 865 254 humanum
897 223 1036 261 plurimas
1070 225 1142 254 inter
1166 225 1297 255 homines
1325 226 1439 263 gignere
1458 224 1605 256 varietates
1629 233 1657 256 et
1673 227 1729 257 dif-

217 280 368 316 ferentias,
391 289 478 317 supra
501 279 787 308 verbo-monuimus.
827 276 898 305 Non
921 281 1033 303 tantum
1057 276 1105 304 hic
1132 276 1279 305 volumus·
1297 277 1475 306 diversitates
1498 277 1580 313 illas,
1603 287 1675 314 quae
1697 280 1729 309 in

218 334 417 371 atmosphaera
440 342 495 362 nos
520 332 718 362 circumdante
739 330 863 367 pendent
887 337 901 356 a
924 328 1023 365 majori
1045 329 1126 365 ejus,
1153 334 1203 356 aut
1224 328 1368 364 siccitate,
1396 335 1445 357 aut
1469 329 1654 366 humiditate,
1680 336 1729 360 aut

215 386 384 415 elasticitate
409 391 491 413 aucta
513 384 559 413 vel
585 383 754 417 imminuta,
785 388 874 417 caet.,
903 387 999 408 verum
1031 379 1113 407 etiam
1141 379 1317 407 diversitates
1345 379 1429 415 illas,
1460 387 1532 415 quae
1557 381 1691 410 oriuntur
1713 389 1730 412 a

215 425 373 467 Cliiiiatum
395 435 546 471 varietate,
569 442 700 471 quaeque
718 433 752 462 ab
777 433 858 461 hisce
881 430 1048 460 hominibus
1065 431 1261 466 inducuntur,
1284 432 1335 461 hae
1356 431 1430 459 enim
1457 439 1555 460 omnes
1576 433 1729 468 quamdam

215 487 342 518 methodi
371 488 519 524 cujusdam
544 486 672 515 medendi
700 483 940 513 modificationem
964 482 1020 510 sibi
1042 483 1211 519 postulant3
1243 491 1301 512 non
1327 491 1421 512 autem
1439 484 1511 512 hanc
1536 491 1625 513 totam
1651 491 1729 514 ever-

216 546 301 575 tunt,
323 539 362 568 ita
384 546 434 574 ut,
457 548 513 576 qua
536 540 566 567 in
594 538 760 567 universum
783 535 901 564 morbus
928 533 1064 564 definitus
1092 540 1208 563 curatur
1235 541 1333 563 nostra
1362 534 1390 563 in
1418 535 1528 571 patria,
1555 536 1648 564 eadem
1673 544 1731 565 me·

215 591 306 620 thodo
333 600 391 620 non
411 599 513 628 posset
533 590 613 619 alibi.
654 590 783 618 Fuerunt
805 594 897 615 tamen
919 584 1058 621 plurimi,
1080 585 1130 621 qui
1152 585 1224 614 hane
1239 585 1307 614 tuiti
1328 592 1397 614 sunt
1412 586 1598 622 sententiam,
1620 588 1654 616 de
1670 596 1729 624 qua

212 649 289 670 nunc
311 641 413 677 paucis
429 642 590 670 videamus.
632 640 680 668 Ab
702 638 859 674 Empiricis
880 638 937 673 Jam
964 636 1032 665 olim
1059 636 1162 673 agitata
1189 635 1246 665 fuit
1276 637 1342 666 haec
1369 637 1522 673 quaestio,
1551 638 1602 674 qui
1621 639 1729 674 cuique

210 692 331 722 Climati
352 693 434 722 aliam
455 692 572 721 morbos
597 691 724 720 medendi
751 690 917 718 methodum
938 687 1099 716 tribuerunt
1119 687 1220 724 (17);
1250 688 1315 717 dein
1342 695 1435 717 autem
1459 698 1476 718 a
1497 688 1624 718 Lentilio
1645 689 1729 720 valde

211 751 310 773 ornata
330 751 385 773 est.
426 744 466 773 Hi
489 744 564 772 enim
589 749 616 771 et
640 742 799 771 observatis
816 762 826 776 ,
855 746 882 768 et
904 739 938 768 ab
962 739 1042 767 hisce
1065 739 1163 774 petitis
1191 739 1268 768 veris
1294 740 1525 769 Indicationibus
1549 747 1577 769 et
1598 740 1728 771 medendi

204 795 370 831 methodis,
399 794 429 823 in
449 795 562 823 diversa
585 794 719 830 regione,
748 793 803 822 sub
825 791 940 820 diverso
962 790 1096 825 climate,
1122 789 1228 825 sactis,
1251 796 1278 818 ct
1301 790 1367 818 licet
1385 790 1555 819 felicissimo
1571 799 1637 819 cum
1659 800 1727 820 suc-

207 854 294 875 cessu
321 846 477 882 adhibitis,
503 854 615 875 ornnem
636 851 776 883 negarunt
800 843 900 878 fidem3
931 848 1108 876 statuenteS,
1137 841 1287 870 Medicum
1307 841 1350 870 uti
1381 848 1513 878 oportere
1543 841 1654 871 Romae
1669 842 1728 882 alia

207 898 336 927 medendi
359 898 515 933 methodo,
538 898 590 926 alia
613 897 643 925 in
662 897 802 934 Egypto,
823 896 877 924 alia
900 895 931 923 in
959 893 1117 930 Hispania,
1139 900 1210 923 caet.
1232 894 1338 932 (18);
1362 894 1615 930 quoniam->morbi
1636 895 1666 923 in
1682 894 1725 924 di-

205 950 298 978 versis
323 949 401 978 hisce
423 948 588 986 regionibus
609 948 692 977 valde
711 956 727 976 a
750 955 781 976 se
802 946 925 975 invicem
951 944 1134 981 discrepant,
1163 944 1201 973 ob
1223 944 1363 981 insignem
1397 945 1469 974 inter
1489 945 1598 976 incolas
1620 946 1725 977 harum.

204 1000 354 1037 regionum
377 999 587 1034 diversitatem,
609 1007 625 1027 a
648 998 729 1029 vario
753 998 877 1027 Climate
899 1003 1006 1026 natam.
1046 996 1154 1024 Verum
1179 996 1299 1026 omnino
1319 1003 1382 1032 est,
1404 996 1493 1025 immo
1516 997 1720 1033 verissimum,

201 1059 262 1080 non
285 1051 380 1080 omnia
400 1050 566 1080 morborum
588 1057 707 1086 genera,
730 1048 851 1077 diversis
876 1047 958 1076 hisce
979 1047 1008 1076 in
1031 1047 1215 1084 regionibus,
1238 1047 1295 1076 sibi
1316 1055 1380 1077 esse
1397 1047 1564 1084 simillima,
1585 1049 1634 1078 sed
1652 1057 1724 1078 con-

199 1109 261 1138 tra,
282 1103 401 1132 eundem
426 1101 579 1137 morbum,
602 1100 717 1130 diverso
741 1100 796 1129 sub
819 1100 963 1136 Climate,
983 1099 1060 1129 varia
1082 1107 1300 1135 nonnumquam
1329 1098 1421 1128 forma
1437 1101 1473 1128 'se
1493 1100 1625 1136 prodere.
1663 1100 1721 1130 Sed

199 1148 259 1184 tion
279 1156 374 1184 solum
396 1154 447 1183 hic
467 1154 593 1182 animum
618 1152 761 1181 advertere
792 1158 907 1188 oportet
933 1152 969 1181 ad
990 1151 1137 1180 climatum
1160 1151 1373 1186 diversitatem,
1402 1159 1500 1179 verum
1528 1157 1556 1180 et
1576 1151 1612 1180 ad
1635 1151 1718 1180 aliam

198 1206 314 1235 vivendi
338 1205 474 1234 rationem
498 1205 677 1238 incolarum,
699 1211 756 1239 qua
781 1204 866 1240 longe
887 1203 998 1232 diversa
1028 1203 1058 1232 in
1080 1203 1166 1232 variis
1188 1202 1270 1231 hisce
1286 1207 1410 1230 utuntur
1431 1201 1618 1238 regionibus;
1647 1208 1721 1237 quae

198 1256 322 1293 insignis
345 1262 388 1285 est
408 1265 439 1285 in
463 1255 581 1284 morbos
605 1254 809 1293 producendos
831 1261 858 1282 et
881 1255 1035 1283 mutandos
1062 1254 1204 1291 potentia.
1244 1253 1308 1281 Nec
1327 1259 1421 1281 tamen
1443 1252 1527 1280 binae
1547 1253 1599 1280 hae
1617 1259 1722 1288 poten·
1750 1284 1754 1289 .

197 1300 253 1335 tiae
269 1307 298 1336 id
317 1308 430 1342 valent,
452 1313 485 1335 ut
505 1306 697 1334 constantiam
725 1313 836 1335 ornnem
862 1312 889 1334 et
906 1305 1056 1342 publicum
1087 1306 1170 1342 quasi
1190 1312 1278 1335 usum
1299 1304 1442 1333 methodis
1466 1303 1614 1339 medendi,
1643 1311 1718 1340 quae

197 1358 284 1396 justis
308 1359 441 1387 nituntur
459 1357 707 1392 Indicationibus,
736 1356 899 1391 auferrent3
922 1356 996 1384 etin
1019 1357 1133 1385 caussis
1156 1363 1271 1389 essent,
1292 1364 1346 1383 cur
1367 1355 1403 1383 iis
1422 1355 1544 1383 diversis
1568 1354 1598 1384 in
1622 1355 1720 1383 clima-

199 1409 278 1438 tibus
302 1409 346 1437 uti
369 1417 429 1438 non
450 1409 558 1437 liceret.
599 1409 669 1437 Non
701 1408 774 1436 enim
800 1408 911 1437 Natura
935 1405 1109 1441 mutabilis,
1137 1406 1187 1434 sed
1216 1413 1260 1434 res
1287 1413 1441 1441 corporeae
1466 1405 1627 1433 admirabili
1649 1414 1720 1441 qua-

201 1461 287 1496 dam,
308 1468 397 1496 eaque
419 1466 548 1494 aeterna,
571 1459 775 1494 constantique
797 1458 893 1495 regula
915 1456 1129 1494 gubernantur3
1151 1465 1203 1485 nec
1221 1456 1400 1485 diversorum
1424 1455 1583 1485 Climatum
1608 1456 1722 1490 incolae

201 1511 240 1539 ita
262 1520 278 1540 a
298 1519 328 1539 se
355 1511 476 1539 invicem
507 1511 690 1547 discrepant,
720 1516 753 1538 ut
782 1509 861 1538 aliud
888 1517 1009 1546 prorsus
1037 1509 1225 1540 animantium
1254 1516 1344 1545 genus
1368 1507 1427 1537 siut
1460 1507 1610 1544 Africani,
1639 1509 1719 1539 aliud

201 1564 366 1600 Europaei,
388 1564 466 1593 aliud
486 1563 599 1600 Russi,
626 1564 690 1593 Itali
709 1564 802 1601 aliud3
826 1570 925 1592 verum
949 1569 1050 1591 contra
1074 1561 1153 1592 omni
1175 1559 1292 1597 corpori
1316 1560 1441 1589 humano
1465 1559 1548 1588 iidem
1569 1567 1638 1589 sunt
1657 1569 1719 1590 mo-

203 1621 268 1650 tus,
290 1614 350 1643 sive
373 1616 534 1652 naturales,
555 1616 616 1645 sive
635 1615 783 1652 morbosi;
806 1615 851 1644 his
870 1616 964 1643 eadem
988 1614 1090 1651 origo,
1121 1613 1192 1642 idem
1218 1612 1389 1649 procedendi
1415 1612 1527 1641 modus.
1569 1632 1588 1647 „
1606 1612 1722 1648 Aequa·

210 1687 228 1701 „
246 1666 314 1694 bilis
337 1666 409 1695 enim
428 1667 517 1703 ade0‚
545 1667 584 1696 ait
607 1667 820 1705 Sydenlmmus,
846 1674 873 1695 et
893 1666 1003 1701 ubique
1026 1665 1130 1694 similis
1155 1670 1198 1693 est
1221 1663 1349 1692 Naturae
1376 1664 1446 1693 ordo
1470 1663 1500 1692 in
1525 1664 1720 1700 producendis

210 1737 229 1753 ‚,
249 1717 375 1753 morbis,
404 1724 438 1746 ut
461 1718 490 1747 in
508 1718 626 1748 diversis
650 1719 822 1755 corporibus
846 1718 940 1747 eadem
962 1718 1133 1753 plerumque
1161 1715 1338 1752 reperiantur
1361 1715 1486 1752 ejusdem
1510 1714 1602 1743 morbi
1623 1723 1722 1751 symp-

213 1788 231 1802 „
251 1775 373 1804 tomara3
403 1777 435 1798 ac
463 1769 512 1797 illa
533 1769 616 1805 ipsa,
646 1778 718 1805 quae
743 1770 773 1799 in
798 1771 915 1799 Socrate
939 1775 1102 1806 aegrotante
1126 1767 1276 1796 observata
1298 1765 1428 1801 fuerint,
1453 1765 1725 1802 etiam.generaliter

210 1839 230 1855 „
250 1820 285 1848 ad
302 1819 444 1849 homiuem
471 1828 701 1857 quemcumque,
731 1822 826 1851 eodem
850 1823 953 1852 morbo
979 1822 1175 1856 laborantem,
1204 1818 1353 1850 transferri
1375 1826 1500 1856 possunt
1516 1839 1526 1855 ,
1554 1827 1611 1847 non
1637 1826 1723 1847 secus

1641 1882 1670 1906 ⁴„
1689 1877 1722 1898 ac

230 1938 247 1966 (
258 1937 300 1965 ¹7>
317 1937 367 1959 Vid.
384 1937 410 1960 C.
423 1939 532 1967 Sprengel,
547 1939 632 1961 Vemch
645 1941 701 1963 elur
711 1941 876 1970 pragnan'nhnn
892 1941 1008 1964 ambiam
1020 1945 1088 1967 can,
1104 1940 1172 1963 Tom-
1184 1938 1203 1962 1.
1219 1943 1268 1966 με·
1284 1935 1335 1960 ⁶2⁶·

235 1978 301 2005 (18)
319 1979 369 2001 Vid.
386 1980 466 2006 Celsus,
480 1980 489 2001 Ι
510 1981 526 2003 1.
542 1986 595 2008 pugn
608 1986 633 2008 9·
