1913 2427
378 121 852 155 DISSERTATIO
918 122 1460 163 PHILOSOPHICA}
1626 138 1668 164 ἰι

153 232 175 249 ‚‚
193 212 352 248 bitrantur,
383 210 548 240 addubitare
568 216 654 247 coget
679 208 914 239 doctissimorum
938 208 1089 238 hominum
1114 211 1149 239 de
1171 212 1292 241 maxima
1315 221 1345 242 re
1371 221 1448 243 tanta
1470 215 1663 246 dissensio:'’

147 266 185 295 de
207 273 265 301 qua
285 263 378 302 (ibid,
402 263 426 292 Ι.
451 265 504 300 1.)
541 283 559 299 ,‚
578 270 632 292 tam
656 261 749 291 variae
778 266 848 290 sunt
872 260 1105 291 doctissimorum
1128 263 1276 293 hominum
1292 285 1302 300 ,
1329 272 1446 302 tamque
1468 267 1662 304 discrepantes

149 336 170 353 ‚,
189 316 364 351 sententiae,
386 322 418 344 ut
441 323 545 351 magno
570 319 736 352 argumento
757 321 819 341 esse
837 313 953 349 debeat,
975 323 1107 352 causam,
1128 316 1158 345 id
1179 323 1240 353 est,
1261 317 1436 354 principium
1457 318 1661 355 Philosophiae

146 387 167 406 ‚‚
186 377 250 399 esse
275 369 471 404 inscientiam3
500 367 710 404 prudenterque
735 365 923 394 Academicos
952 374 968 394 a
986 366 1071 396 rebus
1102 367 1219 397 incertis
1250 369 1446 398 assensionem
1470 370 1656 406 cohibuisse;

145 440 165 457 „
186 421 256 456 quid
278 419 352 450 enim
377 419 535 449 temeritate
554 418 689 455 turpius?
718 423 768 446 aut
787 416 858 453 quid
876 423 932 445 tam
955 419 1154 457 temerarium,
1187 426 1301 456 tamque
1332 420 1482 457 indignum
1514 421 1657 458 Sapientis

145 491 166 509 „
186 472 336 509 gravitate,
357 478 443 508 atque
464 471 645 506 constantia,
674 477 759 506 quam
775 474 824 498 aut
850 467 959 498 falsum
977 473 1101 507 sentire,
1131 477 1201 507 aut,
1231 472 1312 507 quod
1336 480 1396 501 non
1416 472 1487 501 satis
1511 474 1659 508 explorate

144 543 166 560 „
185 529 350 559 perceptum
376 523 415 551 sit
432 544 443 559 ,
471 529 499 551 et
521 522 690 559 cognitum,
716 520 778 549 sine
799 521 858 550 ulla
879 522 1058 551 dubitatione
1084 523 1254 552 defendere?
1285 530 1312 552 et
1342 530 1403 552 tum
1435 524 1576 552 demum'³
1602 525 1660 562 (de

142 575 213 604 Nat
241 575 281 604 D.
306 575 327 604 Ι.
355 576 410 612 6.)
449 595 467 610 ,,
485 574 557 603 mihi
582 582 689 610 procax
710 573 859 601 Academia
884 572 1047 608 videbitur,
1070 573 1096 602 si
1113 580 1163 603 aut
1183 576 1383 605 consenserint
1403 584 1519 612 ornnes,
1541 582 1590 605 aut
1605 577 1660 605 erit

145 647 165 663 ‚‚
184 626 320 656 inventus
340 626 464 662 aliquis,
487 626 558 662 qui,
580 625 650 661 quid
667 633 766 654 verum
791 625 1046 660 sit,.iuvenerit.''

178 678 220 707 Et
241 686 352 714 revera,
375 678 400 707 si
417 677 579 706 accuratius
603 686 660 706 rem
682 677 888 714 inspiciamus,
910 677 981 713 quid
1001 683 1117 706 naturae
1141 685 1235 706 rerum
1256 677 1492 713 convenientius,
1522 679 1593 714 quid
1612 679 1659 707 his

138 729 321 765 temporibus
343 729 571 767 congruentius,
597 738 681 765 quam
707 729 732 758 si
754 729 903 765 homines,
926 729 1032 766 quibus
1053 738 1140 766 supra
1155 730 1263 767 vulgus
1282 738 1398 767 sapere,
1421 731 1594 766 minimeque
1612 739 1661 758 su-

139 780 310 817 perstitione
330 780 427 816 infici,
446 781 543 809 datum
565 787 660 815 esset,
680 781 715 809 ad
739 780 922 809 Academiam
947 781 1169 817 amplectendam
1187 781 1416 817 impellerentur,
1441 782 1584 817 „nonita
1600 789 1663 817 per-

140 851 161 868 „
180 831 305 867 tinacia,
332 839 382 860 aut
408 828 506 861 studio
536 831 688 867 vincendi,
720 832 769 860 sed
796 840 890 860 earum
917 839 1010 860 rerum
1036 831 1238 867 obscuritate,
1274 834 1354 868 quae}
1383 833 1419 861 ad
1447 832 1660 862 confessionem

136 901 162 929 .‘’
181 882 371 919 ignorationis
393 883 567 912 adduxerant
590 883 756 918 Socratem,
787 889 814 910 et
834 881 924 911 veluti
943 888 1068 911 amantes
1089 883 1259 919 Socratcmg,
1291 892 1391 912 omnes
1415 892 1488 920 pcne
1514 882 1662 913 veteres.’'

138 933 254 971 (Acad
278 933 306 971 Q
335 934 357 963 Ι.
377 936 446 972 12.)
474 934 550 963 Nam
568 934 636 970 qui,
657 934 828 963 auctoritate
845 940 895 962 aut
908 933 1109 970 praeJudicatis
1124 934 1311 971 opinionibus
1327 935 1403 963 haud
1421 935 1575 970 occupati,
1594 933 1664 962 huic

140 985 188 1013 vel
210 985 253 1012 illi
277 985 446 1021 disciplinae
466 987 593 1015 nondum
615 986 720 1014 addicti
747 992 861 1020 essent,
882 993 931 1013 eos
951 991 1026 1014 certe
1046 993 1098 1021 per
1112 991 1207 1015 totum
1231 986 1438 1025 Philosophiae
1460 994 1593 1021 campum
1615 994 1664 1013 va-

139 1042 259 1072 gantes,
280 1044 438 1072 omnesque
458 1043 554 1073 partes
573 1036 693 1073 integris
720 1042 748 1065 et
767 1036 864 1065 liberis
888 1036 981 1065 oculis
1001 1037 1175 1073 lustrantes,
1204 1038 1238 1066 ab
1263 1046 1319 1067 una
1349 1045 1427 1074 parte
1448 1037 1577 1076 Epicuri
1607 1037 1660 1065 im-

140 1088 296 1124 pudentia,
318 1088 352 1117 ab
374 1089 459 1117 altera
483 1089 608 1117 Zenonis
629 1090 764 1118 severitas
788 1095 816 1117 et
837 1088 1014 1124 arrogantia,
1038 1096 1152 1117 movere
1171 1089 1328 1125 debebant,
1349 1098 1414 1118 cum
1431 1098 1482 1118 nec
1503 1089 1659 1118 mediarum

139 1138 217 1168 inter
236 1139 307 1168 duas
329 1140 393 1169 illas
409 1147 548 1170 extremas
567 1141 626 1169 ulla
647 1146 723 1169 esset
741 1140 899 1175 sententia,
922 1148 1013 1176 quae,
1037 1140 1252 1177 objectionibus
1266 1149 1326 1170 non
1343 1141 1489 1176 obnoxia,
1510 1148 1574 1169 vere
1590 1140 1661 1168 satis

136 1196 225 1226 atque
248 1191 367 1220 firmiter
391 1193 503 1230 suscipi
528 1200 555 1222 et
581 1192 693 1222 defendi
716 1198 825 1229 posset.
867 1192 923 1220 His
950 1192 1040 1228 igitur
1069 1213 1087 1227 „
1108 1198 1136 1220 et
1163 1192 1318 1222 affirmandi
1349 1192 1539 1229 arrogantiam
1569 1191 1663 1220 vitan-

142 1261 162 1277 „
182 1242 262 1272 tibus
273 1265 282 1278 ,
305 1251 331 1272 et
346 1243 525 1281 fugientibus
548 1236 754 1279 temeritatem,
773 1253 846 1280 quae
860 1253 875 1272 a
888 1244 1014 1280 sapiente
1031 1243 1154 1272 dissidet
1177 1244 1332 1280 plurimum
1344 1265 1353 1279 ,
1366 1243 1385 1255 ’⁹
1408 1243 1463 1276 (de
1478 1243 1534 1279 Off·
1551 1242 1587 1271 ΙΙ.
1608 1244 1661 1280 ε.)

137 1292 241 1322 eximie
260 1293 328 1323 haec
349 1295 420 1323 ratio
449 1295 613 1325 confirmari
639 1296 780 1332 debebat,
810 1317 828 1331 „
848 1305 881 1324 ex
905 1296 991 1324 variis
1011 1295 1145 1323 Platonis
1168 1295 1272 1331 libris,
1298 1294 1538 1330 sermonibusque
1561 1294 1664 1322 Socra-

136 1362 156 1380 „
177 1344 262 1379 ticis,
285 1345 314 1374 in
343 1345 452 1381 quibus
476 1347 550 1375 nihil
569 1347 739 1383 affirmatur,
759 1354 786 1376 et
812 1347 842 1376 in
867 1353 1019 1383 utramque
1041 1353 1147 1383 partem
1171 1347 1262 1375 multa
1284 1346 1482 1381 disseruntur,
1512 1346 1545 1374 de
1568 1345 1660 1373 omni-

133 1414 154 1430 „
175 1394 230 1424 bus
254 1396 417 1432 quaeritur,
437 1398 511 1427 nihil
533 1399 604 1427 certi
624 1399 748 1434 dicitur,
769 1407 784 1426 e
797 1398 905 1434 quibus
919 1399 977 1435 jam
992 1398 1142 1428 Arcesilas
1157 1398 1281 1434 eripuit,
1303 1397 1375 1427 nihil
1392 1405 1453 1426 esse
1467 1397 1555 1432 certi,
1578 1395 1660 1431 quod

136 1465 155 1482 ,‚
174 1452 223 1474 aut
250 1455 337 1475 sensu
362 1455 411 1476 aut
435 1449 531 1479 auimo
555 1450 662 1487 percipi
688 1449 819 1487 possit.”
841 1450 957 1483 (Acad.
979 1449 1018 1487 Q.
1042 1449 1066 1478 Ι.
1087 1457 1129 1485 13.
1166 1449 1201 1478 de
1225 1449 1314 1477 Orat.
1335 1448 1384 1477 ΙΙΙ.
1410 1449 1479 1485 18.)
1519 1446 1550 1475 Si
1573 1454 1660 1482 quae-

135 1517 154 1532 „
175 1504 217 1525 rat
237 1498 323 1533 quis,
345 1507 397 1526 cur
415 1499 462 1527 illa
475 1500 659 1538 Philosopho
675 1511 742 1538 prae
754 1501 816 1530 aliis
832 1501 1000 1538 dignissima
1017 1500 1191 1536 dISciplina,
1211 1507 1339 1536 tempore
1359 1499 1522 1533 esces-onis,
1544 1498 1655 1526 deserta

133 1547 191 1577 fere
214 1555 241 1576 et
257 1548 352 1577 relicta
370 1549 474 1586 fucrit,
496 1551 525 1580 id
539 1552 657 1590 Cicero,
679 1553 737 1589 (de
764 1553 839 1582 Nat.
863 1552 956 1582 Deor.
974 1552 1009 1588 Ι.Ι
1016 1552 1070 1589 5.)
1101 1573 1118 1587 „
1139 1560 1198 1580 nou
1218 1551 1386 1580 Academiae
1406 1549 1499 1584 vitio,
1531 1549 1580 1577 sed
1601 1555 1657 1576 tar-

134 1618 152 1636 „
171 1599 260 1628 ditate
282 1601 430 1630 homiuum
456 1603 614 1640 contigisse
629 1603 648 1616 ”
676 1603 829 1633 arbitratur
843 1626 852 1640 ,
890 1625 908 1640 „
925 1612 1007 1640 nam,
1031 1603 1056 1632 si
1077 1604 1206 1640 singulas
1226 1602 1398 1638 disciplinas
1412 1601 1556 1638 percipere
1576 1608 1656 1636 mag-

133 1670 152 1687 „
171 1659 238 1679 num
259 1659 320 1687 est,
342 1660 451 1689 quanto
472 1655 562 1692 majus
583 1656 702 1684 onmes?
725 1657 805 1692 quod
828 1655 920 1685 facere
947 1656 982 1684 iis
1014 1663 1131 1684 necesse
1155 1661 1216 1690 est,
1246 1653 1354 1689 quibus
1385 1652 1568 1689 propositum
1589 1657 1652 1684 est,

129 1722 148 1738 „
168 1703 227 1731 veri
250 1705 403 1740 reperiendi
425 1714 529 1742 causa,
558 1714 586 1736 et
609 1714 710 1736 contra
731 1716 830 1737 omncs
857 1707 1074 1743 philosophos,
1096 1713 1123 1734 et
1144 1715 1196 1742 pro
1214 1705 1370 1739 omnibus,
1393 1702 1533 1732 dicere‘2’‘
1573 1702 1652 1730 Cice-

127 1756 194 1782 roni
209 1763 296 1791 vero,
318 1757 364 1784 cui
390 1756 522 1786 Platonis
546 1760 631 1794 plane
654 1759 753 1788 Divini
780 1759 922 1788 sententia
943 1758 1000 1787 fere
1023 1758 1173 1794 placebat,
1205 1757 1270 1793 quia
1287 1756 1419 1784 Platonis
1443 1759 1519 1792 erat,
1548 1753 1650 1781 Plato-

125 1807 172 1833 nis
189 1805 305 1842 ingcnio
332 1809 510 1844 excogitata,
536 1810 670 1838 Plalom's
700 1810 932 1846 suaviloquentia
955 1811 1083 1845 prolata,
1113 1809 1160 1837 cui
1191 1808 1321 1837 omnium
1345 1813 1372 1834 et
1403 1805 1582 1842 singularum
1607 1805 1651 1833 di·

126 1855 311 1891 sciplinarum
337 1860 579 1895 percipiendarum
603 1868 689 1897 atque
711 1861 948 1890 defc111.ie1nlarun1
975 1869 1064 1897 prona
1095 1862 1188 1889 aderat
1218 1860 1340 1888 facultas
1368 1864 1394 1886 et
1425 1857 1545 1892 eximia3
1578 1856 1646 1884 huic

125 1906 257 1936 Ciceroni
285 1917 377 1945 certe,
407 1919 515 1946 practer
535 1913 686 1941 utilitatem
712 1914 740 1941 in
763 1913 965 1949 El-›qurntiam
985 1913 1050 1940 inde
1067 1912 1285 1946 redundantem,
1312 1909 1481 1938 Academica
1505 1909 1553 1936 illa
1576 1907 1647 1936 ratio

119 1965 222 1988 contra
241 1961 337 1990 omnia
358 1961 536 2000 disserendi,
558 1965 724 2001 nullamque
745 1973 802 1994 rem
820 1971 914 2002 aperte
934 1964 1102 2002 judicandi,
1124 1963 1160 1993 ob
1179 1971 1237 1992 eam
1255 1962 1340 1992 etiam
1356 1968 1468 1990 causam
1494 1959 1562 1988 mire
1585 1959 1646 1994 pla-

956 2015 977 2044 Β
1000 2024 1017 2044 2
1601 2016 1647 2036 CC-
