1913 2427
219 182 269 208 am
523 159 892 202 „·=1‘ETR.21
977 158 1355 192 cAMPEn

234 268 295 296 quo
319 257 348 288 in
372 255 508 284 Veterum
529 251 699 288 Tragoediis
723 249 853 278 effectum
878 251 922 274 est
940 266 951 281 ,
979 252 1012 274 ut
1029 246 1143 284 longior
1167 247 1239 284 ipsis
1262 246 1400 283 Exodus,
1428 247 1489 276 sive
1511 254 1592 278 actus
1611 250 1744 288 quintus,

232 316 321 347 quam
343 308 432 344 vulgo
453 304 559 339 nobis,
580 309 667 332 esset.
707 301 776 330 Non
799 299 873 328 enim
896 303 980 332 ante,
1009 306 1025 326 a
1049 307 1149 333 scena,
1179 306 1292 335 agentes
1313 299 1456 328 discedere
1479 300 1626 336 solebant,
1657 300 1743 337 tinem

231 362 327 391 omnia
350 359 484 388 absoluta
504 355 618 390 forent,
640 354 720 389 quod
739 352 826 381 hodie
850 349 942 385 radus
965 349 1146 379 observatur.
1187 350 1289 388 Quam
1304 358 1386 387 saepe
1406 351 1499 386 enim,
1527 352 1562 380 de
1584 359 1661 381 statu
1681 361 1746 389 per-

235 420 389 446 sonarum,
418 407 519 438 animis
550 408 720 440 haerentes,
748 413 763 432 a
786 402 950 440 spectaculo
984 402 1068 430 hodie
1098 401 1294 431 discedimus?
1341 397 1436 440 Quam
1464 410 1547 440 saepe
1574 403 1612 432 ita
1636 403 1748 441 fabula

232 463 412 497 absolvitur,
433 466 466 497 ut
488 458 611 496 plurima
629 454 841 486 desideremus?

251 513 466 552 „Spectabatur
488 510 610 546 denique
631 507 807 545 Tragoediae
833 513 949 545 scopus,
975 506 1046 542 qui,
1073 514 1152 542 non,
1180 511 1328 535 nt·nostra
1343 512 1460 541 aetate,
1488 505 1748 543 contemplantium

234 567 293 596 fere
308 563 517 595 oblectamento
528 583 538 598 ,
559 561 609 590 sed
623 559 725 589 virtuti
740 566 768 588 et
784 558 914 596 religioni
930 559 1159 594 promovendae,
1184 564 1242 586 erat
1260 558 1504 586 accommodatus.
1544 557 1610 596 Qua
1623 559 1657 587 de
1670 567 1754 588 caus-

235 627 268 649 sa
295 616 414 647 Exortus
439 613 567 644 omnium
582 612 647 641 ,fere
676 617 802 642 veterum
825 610 988 639 fabularum
1016 616 1079 646 est,
1107 610 1152 639 vel
1175 618 1284 646 poenae
1308 609 1446 638 Numinis
1477 609 1547 638 laesi
1579 610 1750 645 voluntate,

235 670 270 698 ab
295 668 410 697 homine
431 666 529 702 aliquo
546 664 681 693 scelerato
699 668 828 698 suffitae,
849 662 894 690 vel
919 661 1044 690 hominis
1067 661 1138 698 Justi
1162 661 1322 699 integrique
1344 662 1421 690 salus
1448 660 1581 689 restituta
1609 667 1638 689 et
1659 658 1758 689 vindi-v

236 727 316 749 cata:
346 718 425 755 qu'od
449 724 482 747 ut
500 716 654 745 efficeretur
673 715 735 752 (7)
757 721 905 749 nunquam
934 714 1088 750 περιπέτειᾳ
1116 713 1280 749 improbum
1320 713 1454 741 miserum
1489 712 1593 741 bonam
1627 711 1756 742 nancisci

238 771 409 805 fortunam,
427 775 476 798 aut
498 768 611 802 virum,
633 766 712 795 omni
732 772 812 802 parte
833 764 976 800 probum,
992 764 1074 792 ‘malit
1098 765 1193 801 adfligi
1223 764 1338 793 licebat.

278 822 354 851 Haec
371 821 460 858 igitur
477 818 637 855 Tragoedia
651 823 755 852 vetus,
775 816 826 845 hae
843 821 938 851 partes
953 836 965 850 ,
986 815 1038 843 hae
1054 814 1168 844 normae
1189 814 1326 851 fuerunt,
1349 824 1420 852 quas
1443 814 1499 844 sibi
1515 814 1624 844 Noster
1643 815 1758 844 imitan-

242 874 292 902 das
308 871 494 909 «proposuit,
520 869 866 905 adiquarumexemplar
893 866 990 896 omnia
1018 867 1132 896 censuit
1165 867 1427 896 accommodandaf
1460 867 1549 905 Quod
1574 866 1599 894 si
1630 865 1660 895 in
1691 865 1758 894 istis

241 925 365 954 virtutes
387 929 415 951 et
435 921 534 950 merita.
556 921 694 955 fuerunt,
721 925 748 948 et
770 918 863 948 fuisse
886 919 952 955 quis
977 919 1082 956 neget?
1112 919 1215 947 eisdem
1239 919 1412 954 virtutibus,
1439 918 1468 946 in
1492 925 1589 954 genere
1613 916 1760 953 Tragico‚

247 974 461 1011 consequendis
487 973 595 1003 Noster
622 972 787 1001 incumbere
813 970 927 1000 debuit:
957 971 1009 1006 qui
1029 971 1055 999 si
1079 977 1202 999 conatus
1229 969 1350 998 feliciter
1372 969 1431 1006 ipsi
1451 970 1558 1004 cessit,
1586 968 1707 998 virtutes
1729 967 1762 998 in

248 1025 497 1064 generer'rragico
518 1024 562 1054 illi
584 1032 669 1053 nemo
691 1023 829 1052 detrahet.

257 1093 263 1098 -
287 1077 324 1108 Si
338 1084 498 1115 praeterea,
519 1078 683 1114 majestate,
705 1074 861 1112 elegantia,
888 1074 919 1103 vi
942 1080 970 1103 et
990 1074 1128 1111 gravitate
1152 1073 1310 1109 dictionis,
1343 1080 1414 1109 quae
1438 1077 1466 1101 et
1488 1061 1566 1102 ¹nunc
1594 1070 1688 1110 magni
1712 1064 1763 1100 hc·

248 1131 372 1166 bemus,
393 1129 501 1159 multos
526 1128 619 1164 vicit,
642 1127 740 1156 merita
761 1133 788 1156 et
805 1134 882 1156 nunc
907 1125 1044 1156 Vondelio
1062 1133 1124 1155 esse
1148 1125 1319 1163 adsignanda
1341 1124 1460 1163 patebit.

960 1217 989 1253 §-
1031 1225 1060 1245 2.

604 1293 739 1322 Vondelii
763 1293 788 1321 T
787 1305 797 1322 7
805 1292 1013 1331 agosdiarum,
1035 1294 1067 1320 in
1086 1302 1209 1330 genere,
1230 1292 1416 1329 dijudicatio,

266 1393 273 1399 ·
291 1385 377 1414 Licet
397 1385 427 1413 in
448 1383 531 1412 nullo
554 1381 658 1410 Nostri
679 1381 795 1418 poetico
816 1387 901 1416 opere
926 1387 985 1408 non
1005 1379 1124 1408 emineat
1145 1379 1308 1415 excelsum,
1334 1380 1464 1416 elegans,
1485 1388 1618 1417 magnum
1637 1386 1666 1408 et
1685 1371 1771 1416 grave

257 1435 420 1473 ingenium,
443 1440 565 1462 attamen
588 1433 618 1460 in
641 1432 723 1461 nullo
744 1438 821 1460 tanta
839 1430 951 1459 dicendi
966 1429 1011 1459 vis
1034 1436 1120 1466 atque
1136 1430 1235 1466 peritia
1248 1451 1259 1466 ,
1281 1431 1311 1460 in
1326 1431 1407 1460 nullo
1430 1437 1508 1460 tanta
1526 1431 1644 1467 merita,
1665 1437 1773 1468 quante·

258 1488 288 1516 in
302 1484 491 1523 Tragoediis,
514 1483 713 1512 inveniuntur.

294 1539 340 1568 Ex
361 1537 418 1566 isto
445 1534 549 1572 scripti
581 1542 701 1571 genere,
722 1533 802 1569 quod
829 1531 1011 1569 (secundum
1036 1528 1184 1559 verissima
1212 1531 1315 1560 veteris
1346 1532 1445 1568 poetae
1468 1532 1575 1569 verba)
1597 1541 1676 1560 omne
1697 1537 1773 1560 ceto·

258 1599 327 1619 rum,
351 1589 440 1619 vincit
458 1587 611 1626 gravitate
627 1606 638 1620 ,
665 1593 766 1621 magna
789 1583 921 1613 Vomlelii
940 1589 1024 1610 mens
1040 1601 1051 1617 ‚
1084 1583 1119 1610 ad
1141 1583 1267 1617 quodvis
1291 1583 1393 1611 elatum
1415 1590 1444 1611 et
1475 1589 1620 1611 austerum
1648 1583 1682 1612 ab
1709 1583 1775 1620 ipsa

263 1647 366 1670 natura·
378 1638 520 1674 formata,
541 1636 746 1666 suavissimum
767 1635 1031 1668 oblectamentum,
1051 1634 1187 1663 maximas
1206 1634 1341 1670 delicias,
1362 1635 1476 1671 petebat
1496 1635 1572 1671 (8).

297 1691 474 1721 Latissimus
495 1689 536 1718 ibi
559 1688 672 1725 patebat
694 1696 812 1724 campus
841 1687 875 1715 ad
894 1685 1078 1715 exercendum
1104 1694 1275 1721 summoque
1294 1686 1391 1714 studio
1405 1686 1591 1714 excolendum
1617 1684 1775 1722 ingenium.

262 1743 431 1773 Pulcerrima
455 1742 495 1770 ibi
522 1739 638 1770 occasio
660 1740 797 1775 dabatur,
824 1738 964 1767 illecebris
995 1738 1090 1775 gravis
1111 1745 1138 1767 et
1163 1740 1227 1768 clati
1248 1739 1406 1776 scripturae
1436 1739 1548 1775 generis
1590 1738 1770 1776 indulgendi.

266 1795 377 1830 Suum,
407 1795 588 1829 aliorumque
609 1793 754 1828 animum,
784 1791 908 1828 picturis
939 1791 1137 1827 sublimibus,
1166 1790 1434 1826 misericordiaeque
1461 1790 1615 1818 movendae
1645 1788 1777 1825 idoneis,

268 1846 420 1881 evellendi,
443 1845 620 1881 affectusque
641 1844 681 1873 ita
701 1842 967 1873 vehementissimos
991 1843 1149 1879 excitandi,
1171 1843 1234 1872 data
1252 1842 1293 1870 ibi
1315 1839 1536 1877 opportunitas!

1723 1889 1782 1921 lta-

291 1944 349 1986 '<7>
363 1942 455 1981 misni.
473 1957 529 1980 ibid.
545 1964 566 1980 e.
583 1963 618 1983 η.

300 2000 354 2028 (8)
368 2001 455 2021 ηἠιιιη
469 2000 505 2022 der
518 2000 567 2024 Bu.
581 2000 690 2023 Maatsth.
709 2005 750 2023 van
771 2001 836 2022 rant·
852 2006 876 2022 au
890 1999 992 2028 Didnk„
1013 2000 1043 2023 11.
1056 1999 1128 2026 Deci,
1150 1996 1214 2026 1807.
1234 2001 1258 2019 et
1278 1995 1312 2019 ibi
1335 1995 1395 2019 clu.
1415 1993 1554 2024 §degentum
1576 1993 1658 2018 dnum
1678 1993 1786 2022 udam.

269 2046 293 2070 ,-
309 2041 337 2063 66
353 2045 403 2067 sqq„
