1913 2427
273 240 1027 303 DISSERTATIO
1097 243 1527 302 MEDICA

197 581 976 626 INDICATIONUM
1060 581 1606 630 DOCTRINAA

593 1075 1215 1108 ENTROD'UCTIO.

138 1192 145 1205 1

141 1195 352 1266 Antequam
378 1228 577 1259 tractationem
606 1228 639 1257 de
666 1226 797 1256 doctrina
819 1226 1027 1257 indicationum
1059 1228 1151 1265 ipsam
1179 1225 1344 1265 aggrediar,
1371 1224 1496 1256 breviter
1525 1226 1674 1264 quaedam

144 1281 278 1310 videntur
298 1281 438 1310 monenda
459 1282 493 1310 de
509 1279 596 1309 variis
612 1286 739 1309 veterum
758 1279 919 1308 rationibus
936 1286 964 1308 et
983 1281 1191 1317 systematibus
1209 1280 1237 1308 in
1259 1278 1373 1309 Medica
1398 1285 1475 1316 arte,
1498 1279 1564 1308 inde
1576 1287 1591 1308 a
1605 1279 1666 1317 pri-

140 1340 185 1361 ma
203 1332 291 1370 hujus
321 1333 450 1369 origine,
476 1333 645 1369 usurpatis,
677 1338 713 1360 ut
739 1332 780 1359 sic
804 1332 1017 1366 quodammodo
1042 1338 1136 1369 pateat
1162 1332 1256 1368 ipsius
1281 1329 1429 1359 doctrinae
1455 1329 1664 1361 indicationum

140 1384 224 1420 origo
246 1390 274 1412 et
296 1384 523 1418 incrementum,
552 1383 678 1420 primum
697 1382 777 1411 rudis
802 1381 882 1410 illius
902 1389 934 1411 et
949 1382 1099 1419 incultae,
1125 1382 1191 1412 dein
1213 1381 1303 1419 magis
1334 1390 1371 1410 ac
1393 1381 1483 1419 magis
1505 1381 1666 1423 elaboratae

140 1441 170 1464 et
193 1435 223 1462 in
242 1443 388 1470 aegrorum
413 1435 532 1463 salutem
553 1434 706 1463 adhibitae.

179 1485 223 1514 De
248 1485 337 1521 prima
360 1486 471 1522 origine
495 1485 658 1514 Medicinae
685 1485 735 1513 vix
762 1484 873 1521 aiiquid
903 1485 979 1514 certi
1003 1486 1091 1514 statui
1114 1492 1232 1522 potest3
1261 1484 1330 1513 hinc
1360 1484 1434 1514 nihil
1465 1485 1498 1514 de
1528 1486 1667 1522 tempori-

140 1538 196 1565 Bus
222 1543 287 1565 ante
318 1536 524 1576 Hippocratem
550 1538 682 1566 dicturus
711 1545 776 1566 sum
795 1557 806 1572 ‚
833 1536 890 1565 nisi
920 1538 997 1572 quod
1020 1536 1167 1566 Medicina
1196 1536 1313 1573 primam
1341 1544 1422 1566 suam
1452 1536 1589 1573 originem
1615 1537 1664 1566 de·

139 1588 204 1617 beat
227 1588 399 1625 empein'ae,
428 1589 448 1617 i.
477 1598 502 1618 e.
525 1588 711 1625 experientiae
743 1588 777 1617 ab'
809 1590 889 1617 omni
919 1588 1070 1618 ratiocinio
1101 1597 1233 1625 vacuae,
1262 1589 1388 1625 simplici
1416 1588 1552 1617 nimirum
1578 1588 1664 1617 effec-

139 1646 222 1668 tuum
254 1640 449 1669 observationi
475 1640 584 1676 absque
611 1641 669 1669 ulia
694 1640 860 1677 cognitione
881 1648 1030 1669 causarum
1048 1660 1058 1674 ‚
1086 1641 1130 1668 vel
1158 1640 1257 1669 harum
1280 1641 1315 1669 ad
1337 1640 1404 1668 illos
1430 1640 1575 1669 relatione.
1616 1640 1664 1668 In·

139 1690 315 1720 'crementum
349 1692 450 1720 deinde
478 1692 562 1720 dabat
589 1691 642 1720 arti
677 1692 796 1720 sanandi
827 1690 961 1719 memoria
990 1690 1267 1726 experimentorum,
1297 1698 1368 1726 quae
1394 1690 1555 1719 obtulerant
1583 1699 1664 1726 prae-

139 1749 254 1778 gressa,
275 1743 487 1779 descriptiones
505 1743 690 1778 morborum,
711 1743 916 1778 remediorum,
937 1749 1096 1777 eorumque
1117 1740 1288 1778 effectuum,
1313 1742 1342 1771 in
1364 1741 1531 1776 columnis,
1554 1742 1662 1770 tabulis

138 1798 166 1821 et
183 1793 340 1829 parietibus
364 1795 556 1830 templorum,
582 1803 791 1831 aegrorumque
819 1794 848 1823 in
876 1793 975 1823 triviis
993 1800 1024 1821 et
1046 1793 1111 1822 foro
1141 1794 1298 1831 expositio.
1340 1793 1388 1822 Sic
1414 1793 1524 1822 sensim>
1541 1793 1663 1822 sensim·

140 1852 196 1880 que
215 1845 331 1880 aliquos
354 1845 501 1874 Medicina
523 1854 697 1882 progressus
722 1844 795 1874 fecit
813 1853 907 1881 usque
927 1845 962 1873 ad
986 1850 1113 1880 tempora
1135 1845 1336 1884 Hippocratis.

176 1893 368 1934 Hippocrates
390 1904 503 1932 autem,
534 1897 585 1933 qui
610 1897 645 1926 ab
670 1897 749 1925 omni
775 1895 944 1933 posteritate
971 1894 1152 1924 Medicorum
1182 1897 1316 1932 princeps
1341 1903 1372 1924 ac
1398 1894 1559 1924 Medicinae
1581 1901 1663 1932 pater

136 1947 200 1984 iure
222 1947 360 1984 habetur,
389 1949 463 1978 vixit
485 1957 562 1978 anno
584 1949 622 1978 Α.
646 1949 685 1978 C.
712 1947 752 1977 N.
768 1949 850 1984 460,
877 1946 1017 1982 sapientia
1037 1953 1064 1974 et
1084 1946 1217 1975 facunii'a
1242 1946 1388 1982 praeditus
1414 1946 1556 1982 suinmis;
1588 1946 1659 1982 qni,

136 1999 273 2036 quamvis
296 2000 382 2038 longe
412 2000 568 2030 abhorrens
588 2008 604 2029 a
625 1999 778 2030 ratiocinio
800 2008 895 2038 vago,
924 2005 953 2027 et
973 1998 1108 2028 scientiae
1137 2008 1204 2029 suae
1229 1998 1339 2029 fontem
1372 2005 1472 2035 petens
1503 2005 1535 2026 cx
1560 1997 1659 2034 praxi,

930 2050 960 2078 A
981 2058 997 2086 3
1608 2048 1661 2077 ob-
