1913 2427
306 142 382 175 δ’
806 138 1263 176 .Ῐ.ΒΑΚΕ

303 234 429 277 biicae,
460 244 530 270 tum
556 236 695 280 privatae
710 257 720 275 ‚
743 242 798 274 ut,
829 236 891 267 nisi
920 241 1094 279 utrumque
1121 246 1223 278 genus
1249 234 1372 277 assequi
1394 232 1601 275 studeamus,
1631 234 1784 276 alterum,

304 295 432 328 alterius
462 295 548 327 velut
575 293 699 326 defectu
738 293 924 324 obscuretur
941 316 950 331 ,
990 303 1026 324 ac
1059 293 1153 336 plane
1185 293 1337 328 intereat,
1367 301 1492 322 necesse
1514 292 1565 326 sit.
1614 294 1783 332 Universa-

305 352 472 395 discipliua
497 357 654 394 quantum
687 349 766 380 lucis
797 356 829 380 et
852 349 1041 391 integritatis
1066 349 1239 386 desideret,
1265 347 1343 390 quid
1373 353 1420 379 est
1451 347 1539 390 quod
1564 345 1807 391 diffiteamupl³

306 412 416 449 Quum
443 408 530 439 euim
560 418 578 438 e
611 406 829 437 monumentis
865 412 1006 437 vetustae
1036 406 1144 437 aetatis
1178 405 1287 436 omnia
1319 404 1490 448 repetenda
1515 405 1597 444 sint,
1619 404 1710 437 foede
1733 406 1770 436 in

306 465 358 496 lu's
381 470 550 506 grassatam
580 474 647 494 esse
668 462 814 494 videmus
841 469 1024 505 temporum
1048 463 1200 504 injuriam
1231 468 1263 492 et
1284 460 1439 492 barbariei
1474 461 1644 495 inscitiam.
1695 463 1773 493 Poe·-

305 529 412 554 tarum
440 521 627 554 continuam
655 522 769 551 seriem
799 519 1015 562 requirimus?
1059 520 1402 557 Praestantissimorum
1438 518 1662 561 ingeniorum,
1700 518 1773 562 lyri-

306 589 437 617 corum,
462 578 672 619 tragicorum,
695 577 911 615 comicorum,
933 575 1077 607 absumta
1106 582 1184 607 sunt
1206 577 1312 618 opera.
1375 574 1644 618 Philosophorum
1672 575 1773 606 histo-

308 636 407 674 riam,
429 633 565 677 placita,
590 632 764 665 disserendi
795 633 984 676 elegantiam
1008 631 1128 663 vultis?
1172 633 1220 663 Ex
1248 632 1425 663 innumeris
1448 630 1578 663 familiis
1605 633 1660 663 vix
1686 641 1777 674 unus!⁴

308 699 340 724 et
359 691 450 725 ,alter
474 697 606 722 aetatem
634 690 719 723 tulit.
775 690 1008 722 Historicorum
1035 690 1071 719 in
1106 689 1239 720 vetustis
1263 688 1359 719 rebus
1384 688 1589 728 traditiones,
1622 689 1657 719 in
1684 688 1776 729 aliis,

309 749 504 792 diligentiam
529 753 562 778 et
582 747 730 790 spiritum
755 747 924 785 orationis,
947 745 1117 789 spectatis?
1159 746 1206 776 Ex
1233 752 1319 776 tanta
1345 751 1449 788 segete
1474 745 1659 788 principum
1685 745 1782 788 viro·⁴

308 818 402 845 rum,
432 806 458 837 si
486 803 681 835 Herodotum
713 809 745 834 et
769 802 986 845 Thucydidem
1009 803 1128 834 eximas
1146 825 1155 841 ‚
1181 802 1438 845 quotusquisque
1465 809 1528 842 est,
1561 803 1619 845 qui
1645 802 1769 844 integer

311 864 351 895 ad
377 873 435 894 nos
463 861 670 904 pervenerit,
704 866 758 891 aut
785 861 885 902 magis
913 870 1010 902 quam
1032 860 1167 891 nomine
1204 865 1297 890 tenus
1323 860 1474 901 cognitus
1507 859 1557 890 sit.
1606 861 1712 901 Atque
1739 859 1776 889 in

311 921 371 953 hac
389 920 474 962 *ipsa
506 924 791 949 monumentorum
818 916 998 960 paucitate,
1036 923 1117 948 esset
1146 915 1235 959 quod
1263 915 1422 959 praeclare
1464 915 1634 947 nobiscum
1669 921 1777 946 actum

312 988 379 1010 esse
410 975 652 1011 arbitraremur,
673 974 703 1004 si
729 984 783 1012 ea,
806 972 925 1015 quibus
951 979 1130 1010 uteremur,
1163 973 1287 1015 integra
1315 982 1354 1003 ac
1381 982 1458 1003 sana
1491 978 1625 1014 tractare·
1652 970 1777 1011 liceret,

312 1040 367 1065 aut
392 1031 466 1063 inde
487 1030 644 1061 arcuatis
667 1029 765 1060 literis
786 1028 916 1071 dignius
939 1028 1018 1071 quid
1043 1036 1132 1060 tanto
1161 1028 1314 1070 temporis
1343 1027 1532 1065 intervallo,
1563 1033 1675 1070 actot
1700 1034 1780 1071 tam-

314 1100 377 1134 que
413 1086 580 1132 praeclaris
620 1086 757 1128 ingeniis
791 1084 967 1128 perfectum
1013 1091 1106 1117 esset.
1166 1083 1388 1131 Audiemusne
1430 1084 1530 1126 igitur
1582 1082 1780 1118 delicatiores

314 1147 386 1179 illos
413 1144 577 1181 homines,
607 1144 682 1186 qui,
709 1140 870 1185 quidquid
890 1141 994 1184 legere
1020 1141 1124 1179 beati,
1147 1140 1294 1184 quemvis
1322 1139 1464 1171 laborem
1489 1139 1670 1179 fastidiunt,
1702 1150 1779 1172 nos·

314 1215 377 1248 que
404 1202 593 1237 hortantur,
617 1206 654 1230 ut
678 1198 805 1230 tandem
833 1198 1006 1241 aliquando
1031 1197 1072 1230 ab
1098 1208 1234 1241 operoso
1266 1196 1321 1228 illo
1355 1196 1520 1228 literarum
1541 1196 1778 1249 tractandarum

314 1269 437 1304 generes
453 1257 642 1288 desistamus
658 1280 668 1295 ,
698 1262 859 1299 sperantes
891 1254 977 1294 fore,
1008 1261 1044 1286 ut
1073 1255 1253 1286 innumeris
1285 1253 1576 1295 Grammaticorum
1612 1253 1757 1285 minutiis
1765 1276 1777 1296 ³.

312 1315 528 1360 conjecturiS,
555 1313 650 1344 variis
681 1311 872 1344 lectionibus
902 1318 934 1343 et
965 1311 1220 1355 commentariis,
1251 1316 1404 1353 tanquam
1428 1309 1512 1341 mole
1541 1309 1778 1350 molestiarum,

315 1372 464 1410 liberati,
488 1369 600 1402 molles
630 1376 663 1401 et
689 1371 803 1408 otiosi,
832 1380 899 1400 non
920 1369 983 1399 nisi
1017 1367 1174 1399 fructibus
1208 1374 1312 1399 tantae
1339 1366 1503 1399 doctrinae
1535 1373 1567 1398 et
1603 1366 1779 1401 industriae

317 1430 458 1463 collectis
480 1433 512 1458 et
539 1427 655 1470 paratis
685 1426 858 1457 satientur?
910 1427 978 1467 Ego
1011 1436 1088 1456 vero
1109 1425 1220 1467 .majus
1253 1434 1290 1455 ac
1313 1422 1476 1455 difficilius
1508 1433 1628 1455 munus
1653 1424 1781 1466 Gram-

317 1488 434 1519 matioo
464 1483 651 1520 mandatum
675 1483 791 1520 velim,
826 1481 923 1513 modo
954 1482 998 1512 ita
1023 1481 1191 1524 suscipiat,
1219 1487 1256 1511 ut
1285 1491 1326 1511 ne
1362 1479 1539 1520 molestiam
1577 1478 1780 1522 reformidet,

318 1544 374 1576 sed
399 1543 540 1574 alacriter
561 1540 776 1572 honestissimi
803 1539 938 1576 laboris,
966 1539 1086 1581 ingenii
1111 1548 1242 1580 quoque
1272 1535 1399 1568 laudem
1427 1542 1565 1580 expetat.
1613 1535 1780 1579 Quidquid

316 1602 335 1632 a
356 1601 556 1632 Graecorum
580 1599 838 1628 Romanorumve
858 1594 1025 1638 praeclaris
1049 1595 1186 1637 ingeniis
1204 1593 1244 1624 ad
1267 1603 1326 1624 nos
1349 1594 1513 1636 pervenit,
1544 1593 1587 1624 ita
1609 1600 1721 1634 curet,
1744 1598 1781 1638 ut

317 1657 563 1700 intelligentiae,
597 1654 640 1684 ita
669 1651 848 1691 custodiat,
878 1658 915 1682 ut
941 1651 1115 1693 integritati
1141 1649 1302 1689 consulat,

655 1767 733 1796 Cum
758 1764 870 1796 tabulis
893 1766 1038 1798 animum
1061 1766 1194 1796 censoris
1212 1769 1315 1794 sumet
1334 1762 1474 1802 honesti,

323 1879 359 1909 in
388 1889 491 1921 eoque
516 1878 585 1920 ejus
606 1876 782 1909 versabitur
806 1877 979 1917 industria,
1009 1885 1045 1910 ut
1069 1876 1221 1910 omnibus
1247 1875 1394 1914 tandem,
1423 1881 1579 1919 quantum
1608 1875 1676 1908 fieri
1709 1887 1785 1921 pos.

322 1935 383 1972 sit,
407 1937 570 1966 vetustatis
596 1934 739 1977 reliquiis
763 1935 953 1976 conquisitis
977 1942 1009 1966 et
1034 1935 1173 1974 collatis,
1200 1936 1285 1978 justa
1312 1932 1468 1976 quaedam
1494 1933 1600 1977 imago
1619 1957 1629 1973 ,
1661 1934 1785 1976 integra

295 2017 298 2019 ,
323 1992 444 2034 quippe
468 1990 568 2022 forma
594 1991 727 2029 amissa,
753 1997 855 2030 tantae
880 1991 1089 2034 praestantiae
1109 1988 1329 2034 adumbretur.
1705 2032 1710 2035 .

1668 2045 1788 2089 Magni·
