1913 2427
467 123 991 158 COMMENTATIO
1060 124 1383 157 CHEMICA.
1640 125 1683 159 35

162 215 304 248 debimus.
334 213 456 249 Forma,
478 221 563 249 quam
580 212 684 241 habent
700 213 813 249 plantae
830 211 859 240 in
876 211 974 240 umbra
993 218 1150 241 crescentes
1161 233 1171 248 ,
1193 212 1287 241 differt
1302 218 1475 249 magnopere
1487 212 1522 241 ab
1540 220 1587 249 ea,
1609 222 1682 250 quae

165 267 272 306 plantis
284 265 421 296 naturalis
438 271 492 293 est.
527 264 561 295 In
575 264 674 293 umbra
691 264 825 292 nimirum
842 263 954 300 plantae
968 263 1053 292 alt-ius
1065 271 1220 300 crescunt,
1242 264 1271 293 in
1287 263 1496 301 longitudinem
1514 266 1680 301 expandun-

163 327 210 348 tur
223 325 250 348 et
264 326 377 348 cormus
394 323 422 345 et
435 317 524 353 rami,
545 317 636 353 petala
651 324 678 345 et
693 316 783 351 folia,
804 316 983 344 decrescente
999 316 1101 345 horum
1120 315 1248 344 omnium
1266 315 1436 351 latitudine,
1457 317 1580 353 angulos
1606 325 1681 354 quo.

161 379 235 408 que‚
267 378 342 406 quos
365 369 435 398 rami
458 368 568 398 faciunt
590 377 657 397 cum
680 376 798 403 corruo,
828 366 977 396 observavi
1003 366 1146 396 acutiores
1171 366 1251 403 fieri,
1279 375 1374 404 neque
1394 367 1458 404 ipsa
1480 368 1578 404 radix,
1608 370 1680 398 radi-

160 424 241 452 culae
257 428 284 451 et
307 421 427 451 fibrillae
444 420 565 450 intactae
584 428 670 457 sunt;
700 420 774 449 fiunt
794 425 888 448 autem
909 418 1004 447 solitis
1029 418 1199 455 longiores,
1220 419 1393 456 teneriores;
1425 420 1500 448 unde
1527 420 1560 449 fit
1584 428 1616 450 ut
1639 428 1681 451 ta·

159 475 230 504 lium
260 474 421 510 plantarum
453 471 546 502 forma
577 471 742 501 mirabiliter
769 477 906 500 mutetur.
953 470 1106 499 Inducitur
1129 478 1222 500 autem
1248 472 1315 500 haec
1338 470 1482 507 mutatio,
1509 472 1588 508 quod
1611 481 1680 503 vasa

115 510 119 513 “
156 533 307 562 quaequae
329 525 409 560 sint,
437 531 510 560 quae
530 523 715 560 potissimum
736 522 922 559 vegetabilem
945 529 1034 558 aeque
1058 528 1143 557 atque
1166 523 1316 552 animalem
1342 522 1468 552 efficiunt
1489 531 1679 564 compagem,

155 576 296 606 teneriora
313 576 387 605 fiunt
407 582 436 605 et
453 575 581 612 minora;
604 575 679 607 unde
692 574 777 606 facile
795 574 964 611 colligitur,
988 583 1101 604 omnem
1125 576 1250 612 plantam
1265 576 1390 613 elongari
1414 583 1442 605 et
1466 577 1590 613 mutari,
1609 585 1678 606 cum

158 635 320 660 structurae
341 628 466 657 internae
490 635 646 664 numquam
668 635 727 656 non
744 626 914 663 respondeat
935 625 1029 655 forma
1056 633 1179 656 externa.
1220 627 1309 664 Saepe
1334 626 1393 656 vidi
1418 628 1530 664 plantas
1554 628 1608 657 sub
1625 629 1680 659 du-

159 680 216 709 mis
233 687 263 709 et
284 679 415 709 sentibus
438 685 618 714 crescentes,
647 686 719 721 quae
742 677 902 706 inferiorem
924 678 971 706 sui
994 678 1086 707 cormi
1103 686 1210 715 partem
1235 686 1339 709 tectam
1361 680 1503 710 habebant
1525 681 1561 710 iis
1583 681 1681 711 dumis

157 739 188 762 et
209 732 362 768 sentibus,
384 731 558 768 superiorem
576 739 644 760 vero
665 730 796 766 liberam;
820 730 906 759 simul
928 736 1022 759 autem
1047 730 1218 767 observavi,
1241 732 1314 760 hanc
1338 731 1440 761 habere
1459 732 1573 762 solitam
1597 739 1682 762 natu·

157 784 245 813 talem
274 783 416 821 formam,
443 783 537 820 petala
561 782 707 817 fortiora,
743 781 907 819 crassiora,
935 782 1006 813 folia
1043 784 1229 820 pulchriora,
1267 785 1386 821 latiora,
1415 785 1495 815 illius
1523 794 1591 815 vero
1618 785 1679 816 for-

157 842 232 866 mam
255 842 319 863 esse
341 833 498 863 tenuiorem
523 834 705 870 elongatam,
735 841 802 861 cum
828 832 909 863 foliis
937 840 966 862 et
990 836 1093 871 petalis
1122 836 1276 873 elongatis.
1315 837 1349 866 In
1370 836 1471 866 umbra
1496 836 1570 865 fiunt
1593 837 1680 867 flores

158 886 306 921 minores,
333 893 432 914 eorum
457 886 539 915 color
569 885 662 915 flavus
687 884 857 922 praeprimis
881 885 956 914 solet
985 893 1048 914 esse
1066 894 1226 923 constans;
1257 888 1372 917 odorem
1406 887 1519 916 interim
1539 895 1681 925 spargunt

158 937 255 967 minus
276 945 391 966 suavem
407 943 434 965 et
460 936 654 974 fragrantem,
675 936 790 966 fructus
815 937 878 967 sive
893 945 1032 973 pomum,
1061 937 1122 967 sive
1145 938 1268 974 baccae,
1298 939 1360 968 sive
1380 939 1453 969 alius
1478 938 1605 974 formae,
1626 940 1680 969 mi-

157 997 244 1019 nores
262 994 346 1023 sunt,
368 987 510 1024 elongati,
532 988 608 1017 haud
635 997 698 1017 raro
721 988 889 1018 monstrosi.
932 989 1059 1018 Constat
1080 996 1174 1019 autem
1206 992 1320 1020 diverso
1346 991 1468 1021 stimulo
1489 991 1611 1027 affecta,
1632 993 1679 1022 vel

155 1046 187 1069 et
209 1045 319 1068 mutata
342 1038 466 1074 fabrica,
496 1038 600 1069 mutari
618 1039 710 1067 velet
733 1039 834 1076 agendi
854 1048 1001 1076 normam;
1028 1040 1059 1069 id
1080 1041 1161 1077 quod
1183 1040 1230 1070 hic
1255 1042 1393 1071 affirmant
1423 1043 1565 1079 praeclara
1588 1042 1680 1072 docu-

157 1096 272 1126 menta3
301 1089 330 1119 in
352 1089 466 1119 umbra.
482 1089 557 1119 enim
586 1091 699 1127 plantae
727 1090 785 1119 fere
809 1092 921 1120 nullum
953 1100 1003 1128 gas
1033 1092 1209 1129 oxygenium
1236 1093 1402 1130 exspirant,
1431 1101 1527 1130 neque
1551 1102 1676 1130 aquam;

158 1142 283 1171 multum
305 1140 447 1170 minuitur
469 1140 621 1177 absorptio
645 1140 718 1170 acidi
741 1140 888 1170 carbonici
909 1147 938 1170 et
965 1151 1074 1179 aquae3
1100 1144 1195 1181 pergit
1216 1150 1310 1173 tamen
1340 1152 1431 1180 aquae
1454 1144 1604 1181 absorptio
1626 1153 1677 1182 pet

156 1193 299 1229 radicem3
322 1192 397 1221 unde
411 1191 465 1228 fit,
485 1198 519 1221 ut
534 1192 676 1229 ejusmodi
691 1192 824 1229 plantae,
845 1192 1000 1222 debilitatis
1019 1199 1090 1224 tono
1109 1200 1138 1224 et
1160 1193 1372 1232 instabilitate,
1397 1202 1510 1233 aquoso
1529 1194 1613 1225 latice
1634 1202 1678 1224 re-

158 1245 292 1282 pleantur
315 1251 344 1274 et
365 1244 549 1282 Hydropicae
565 1244 649 1276 fiant.

851 1347 881 1385 §-
923 1348 970 1380 184

197 1446 376 1484 Principium
392 1448 589 1478 saccharInum
611 1447 642 1477 in
661 1453 826 1478 nostrarum
849 1448 1010 1484 plantarum
1032 1447 1179 1478 fructibus
1204 1448 1372 1486 praeprimis
1392 1448 1556 1485 evolvitur,
1578 1457 1678 1486 quam-

157 1497 258 1528 obrem
284 1497 397 1528 fructus
421 1500 567 1537 persicae,
595 1499 731 1538 fragariae
751 1508 874 1535 vescae,
899 1500 1071 1529 ribesiorum
1090 1501 1283 1537 quorumvis,
1311 1500 1377 1529 rubi
1399 1501 1488 1537 idaei,
1515 1509 1679 1538 pyrorum,

157 1557 342 1587 cerasorum,
370 1552 490 1582 examini
508 1552 630 1590 subJ'eci.
670 1552 735 1582 Hos
757 1552 832 1581 enim
856 1551 970 1581 fructus
997 1558 1112 1581 constat
1140 1552 1242 1582 habere
1273 1558 1382 1589 praeter
1408 1551 1463 1582 alia
1481 1551 1672 1589 gratissimam

157 1601 358 1638 dulceditrem‚
382 1610 410 1632 et
430 1604 578 1633 continere
597 1603 721 1633 multum
738 1603 878 1634 sacchari.
918 1603 1081 1634 observavi
1097 1611 1212 1641 autem,
1235 1613 1295 1641 quo
1324 1604 1414 1642 magis
1441 1604 1471 1634 hi
1490 1605 1552 1633 sole
1577 1604 1678 1634 fruan-

157 1658 227 1689 tur,
247 1662 282 1683 eo
301 1655 434 1692 maiorem
457 1655 614 1685 saccharini
630 1655 770 1693 principii
789 1655 900 1692 copiam
929 1665 979 1686 eos
1002 1664 1100 1694 parare
1114 1677 1125 1693 ,
1153 1664 1188 1686 eo
1209 1655 1264 1685 hos
1291 1658 1428 1694 gratiores
1453 1661 1555 1686 nostro
1582 1657 1680 1695 palato

159 1703 239 1735 fieri:
260 1705 411 1736 observavi
430 1707 517 1737 simul
536 1708 645 1737 easdem
666 1707 717 1737 has
735 1708 891 1744 plantas‘et
906 1708 1042 1745 arbores,
1059 1716 1141 1737 sanas
1163 1708 1297 1744 quidem,
1319 1708 1415 1737 sedin
1434 1707 1534 1737 umbra
1547 1715 1677 1737 crescen-

159 1761 220 1793 ιω,
240 1756 308 1787 licet
326 1758 362 1787 ab
385 1760 464 1789 omni
487 1766 639 1790 ventorum
662 1759 771 1797 impetu
793 1765 821 1790 et
848 1760 957 1799 frigore
985 1759 1077 1798 probe
1097 1765 1206 1796 tectas;
1235 1759 1334 1790 inveni
1354 1766 1449 1790 autem
1479 1759 1579 1789 harum
1598 1757 1679 1788 fruc·

157 1812 210 1837 (us
228 1817 288 1838 non
310 1815 422 1853 tantum
441 1811 538 1848 palato
561 1817 663 1841 nostro
685 1811 781 1841 minus
800 1812 932 1849 placere,
963 1813 1012 1842 sed
1028 1820 1117 1842 succo
1133 1813 1212 1842 dulci
1233 1819 1261 1842 et
1282 1811 1482 1850 refrigerante,
1512 1819 1572 1848 quo
1600 1809 1679 1848 pleni
1719 1852 1721 1854 q

161 1858 258 1887 solent
280 1867 362 1896 esse,
384 1861 443 1890 fere
472 1862 550 1892 omni
580 1871 693 1899 carere,
721 1864 806 1900 eique
836 1864 986 1894 succedere
1016 1872 1149 1900 saporem
1184 1864 1348 1901 ingratum,
1374 1863 1499 1893 fatuum.
1539 1862 1616 1891 Cum
1637 1868 1679 1890 ta-

161 1908 233 1937 lium
255 1909 402 1941 fructuum
431 1919 544 1943 textura
571 1915 658 1944 solita
679 1915 795 1952 saepius
824 1915 931 1945 siccior
959 1915 1079 1951 evadat,
1109 1923 1143 1945 ex
1170 1915 1312 1953 persicae,
1340 1915 1493 1954 stagariae,
1519 1915 1681 1950 ceterisque

159 1963 325 1993 memoratis
346 1963 507 2003 fructibus,
532 1974 732 2005 expressorum
762 1967 910 2006 liquorum
937 1967 1025 2006 copia
1046 1974 1107 1997 non
1132 1974 1328 2006 magnaerat,
1354 1975 1480 2006 quorum
1502 1965 1679 1997 dulcedinem

923 2019 949 2050 Ε
969 2027 987 2048 2
1656 2019 1690 2045 et
