1913 2427
323 117 804 155 DlssERTATIO
870 118 1409 156 1>111110soprarca.¹
1583 120 1637 158 διε

108 231 130 249 „
146 210 192 241 Ut
211 209 285 239 enim
308 208 428 238 benefici
449 207 641 242 liberalesque,¹
658 213 781 240 sumuS,
809 212 868 233 non
887 211 919 234 ut
940 205 1087 243 exigamus
1116 206 1234 243 gratiam
1267 207 1385 244 (neque
1412 208 1488 239 enim
1515 210 1621 240 benefi-

109 283 132 300 „
150 263 227 292 cium
249 260 451 297 foeneramur)
471 259 522 287 sed
544 264 644 286 natura
667 254 802 293 propensi
822 256 857 284 ad
874 256 1070 286 liberalitatem
1091 266 1212 295 sumus3
1242 259 1284 288 sic
1312 260 1465 290 amicitiam
1487 269 1546 291 non
1567 269 1631 300 spe‘

103 334 125 353 „
149 312 286 343 mercedis
304 311 438 346 adducti,
459 311 509 339 sed
529 310 611 346 quod
631 308 724 338 omnis
747 308 808 345 ejus
832 307 947 337 fructus
971 309 1001 338 in
1024 309 1091 345 ipso
1117 313 1213 339 amore
1242 311 1336 348 inest,
1361 314 1542 348 expetendam
1566 321 1620 351 pu.

108 385 129 402 ‚‚
148 370 251 393 tamus.
271 363 392 401 (ibid.)
426 362 492 399 Ipse
512 362 586 390 enim
607 369 638 389 se
652 359 779 397 quisque
795 358 909 395 diligit,
938 368 998 389 non
1019 367 1051 389 ut
1072 361 1196 398 aliquam
1216 371 1233 392 a
1250 371 1280 392 se
1297 363 1360 400 ipse
1383 365 1539 393 mercedem
1561 367 1620 395 exi-

105 436 128 453 „
147 422 195 453 gat
210 415 337 444 caritatis
361 422 445 450 suae,
474 414 524 442 sed
542 414 623 449 quod
645 420 695 449 pei·
717 419 749 441 se
769 409 826 439 sibi
846 410 972 447 quisque
996 420 1080 443 carus
1104 419 1165 442 est:
1196 415 1279 449 quod
1296 414 1353 443 nisi
1373 415 1502 447 idem'Jin
1525 416 1624 446 amici.

107 486 130 504 „
146 466 215 495 tiam
237 465 442 501 transferatur,
469 473 554 494 verus
578 463 687 494 amicus
713 470 861 498 nunquam
894 462 1066 499 reperietur:
1095 471 1140 494 est
1161 466 1235 495 enim
1262 465 1287 495 is
1311 466 1454 503 quidemn:
1475 474 1622 505 tamquam

107 539 127 555 „
144 519 215 547 alter
239 518 325 546 idem.
372 517 488 554 Quodsi
511 517 567 546 hoc
590 522 705 553 apparet
732 515 761 543 in
782 513 904 550 bestiis,
932 515 1120 551 volucribus,
1141 517 1297 553 nantibus,
1317 519 1497 555 agrestibus,
1517 520 1625 549 cicuri-

107 589 127 607 „
146 569 220 605 bus,
241 568 329 604 feris,
350 570 473 605 primum
496 574 530 597 ut
553 576 583 597 se
604 567 685 604 ipsae.
705 565 843 603 diligant,
869 566 923 603 (id
949 567 1022 595 enim
1049 569 1154 604 pariter
1182 577 1248 598 cum
1276 570 1354 600 omni
1383 571 1498 600 animali
1529 573 1623 602 nasci·

106 640 128 658 ‚„
146 621 244 658 tur):
269 620 369 650 deinde
386 627 418 649 ut
440 620 605 655 requirant,
626 625 714 654 atque
737 623 891 654 appetant,
915 618 949 646 ad
968 627 1044 654 quos
1067 627 1098 648 se
1119 620 1267 656 applicent
1290 621 1414 658 ejusdem
1432 622 1541 659 generis
1564 624 1635 652 anis
1657 640 1660 642 v
1684 607 1690 613 .

109 691 129 708 „
148 677 275 702 mantes:
305 671 393 708 idque
415 670 528 699 faciunt
548 678 617 699 cum
639 669 801 704 desiderio,
823 674 851 698 et
876 677 956 700 cum.
977 671 1098 705 quadam
1132 670 1323 700 similitudine
1350 674 1455 703 amoris
1484 675 1628 711 humani3‘

105 742 128 759 ‚,
147 730 257 759 quanto
280 723 309 751 id
334 722 424 759 magis
446 722 476 751 in
507 721 624 750 homine
650 720 683 749 fit
712 726 831 755 natura,
859 720 911 756 qui
936 727 963 749 et
986 729 1018 750 se
1047 722 1112 758 ipse
1146 722 1242 760 diligit
1265 730 1297 751 iet
1318 724 1443 753 «alterum
1473 726 1623 761 anquirit,

104 794 133 810 ,φ
147 775 230 811 cujus
254 774 379 802 animum
402 773 441 802 ita
468 781 534 801 cum
556 781 611 802 suo
632 772 769 807 misceat,
790 778 822 800 ut
843 771 943 800 efficiat
964 780 1037 809 pene
1056 782 1151 802 unum
1174 778 1211 803 'ex
1235 774 1404 804 duobus‘.2”
1432 775 1523 813 (ibid.
1548 778 1623 814 π.)

104 827 186 862 quod
205 826 271 854 inde
291 824 411 854 maxime
439 824 523 853 etiam
551 831 687 861 apparet,
718 844 736 859 „
753 824 832 860 quod
856 823 973 853 caritate
991 824 1248 861 benevolentiaque
1275 826 1412 863 sublata,
1434 828 1530 857 omnis
1547 834 1591 857 est
1608 836 1624 857 e

106 876 205 913 „vvita
226 876 339 905 sublata
353 875 561 913 jucunditas.’'
582 875 678 911 (ibid.
705 877 799 911 ηρ),
820 875 900 913 Quis
916 875 1039 912 denique
1060 876 1137 913 illam
1160 877 1386 907 benevolentiam
1409 886 1436 908 et
1460 879 1623 914 caritatem,

106 927 216 957 homini
238 936 302 964 erga
332 927 405 957 alios
429 927 573 962 innatam,
601 935 660 955 non
689 933 826 963 agnoscat
855 926 884 955 in
915 927 1048 963 religiosa
1080 928 1235 957 reverentia
1270 937 1396 966 curaque
1420 937 1621 966 niortuorum3

104 980 185 1015 qnod
214 979 370 1014 „mortuis
392 985 448 1007 tam
477 978 609 1016 religiosa
629 979 693 1016 jura
722 978 876 1014 tribuunt3
907 979 987 1013 quod
1017 987 1077 1008 non
1105 979 1232 1009 facerent
1261 980 1416 1018 profecto,
1435 981 1469 1010 ‘si
1489 980 1564 1011 nihil
1587 983 1636 1011 ad:

65 1054 71 1059 .
96 1031 195 1065 ⁸&eos
209 1029 347 1065 pertinere
364 1029 577 1060 arbitrarentur.
589 1029 609 1042 ’‘
628 1030 684 1066 (de
700 1029 798 1058 Amic.
819 1035 873 1066 4.)
912 1030 1010 1065 Atque
1027 1030 1248 1061 etiarnsi-sciant
1261 1033 1391 1062 homines
1402 1033 1637 1069 ,illumrcuram-

102 1081 140 1115 ad
161 1088 311 1117 mortuos,
332 1090 418 1111 sensu
437 1087 583 1118 carentes,
604 1081 677 1110 nihil
693 1081 853 1118 pertinere,
877 1087 971 1111 tamen
985 1083 1020 1112 ad
1039 1091 1070 1112 se
1082 1085 1222 1119 pertinere
1244 1084 1625 1121 existimantscaritatem,

99 1140 189 1169 quam
209 1132 284 1162 vivis
302 1133 424 1162 debitam
441 1133 659 1168 intellexerant,
682 1133 805 1162 mortuis
828 1133 912 1162 etiam
938 1134 1068 1170 reliquiis
1089 1136 1318 1173 non-denegare:
1332 1137 1376 1166 ide
1394 1137 1478 1174 cuius
1493 1136 1626 1166 tribuen-

101 1183 153 1212 dae
175 1184 285 1214 ratione
312 1193 340 1214 et
364 1186 452 1215 variis
476 1185 580 1215 ritibus
605 1185 666 1222 agit
688 1186 748 1215 Cic.
784 1186 865 1216 Tusc.
888 1188 914 1216 1.
934 1193 983 1222 43.
1004 1194 1070 1223 sqq.
1106 1193 1133 1216 et
1159 1187 1312 1224 praecipue
1340 1187 1377 1217 de
1401 1188 1493 1226 Legg.
1514 1187 1553 1217 Π.
1575 1196 1624 1219 21.

102 1236 138 1267 ad
150 1235 244 1265 -finem
256 1236 361 1267 Libri.

140 1287 223 1328 Quin
239 1296 275 1317 ne
293 1289 447 1319 morientes
460 1289 574 1326 quidem
596 1291 626 1319 in
644 1296 772 1319 extremo
790 1289 896 1326 spiritu
909 1289 1026 1319 relictos
1047 1294 1223 1320 nonicurare
1243 1295 1389 1327 possunt,
1418 1290 1551 1327 quamvis
1576 1298 1626 1321 an-

100 1342 145 1368 tea
166 1338 250 1369 etiam
282 1339 339 1368 sibi
368 1339 445 1369 forte
470 1342 637 1378 neglectos:
668 1361 687 1377 „
709 1343 905 1379 quoniamque
934 1344 984 1373 illa
1008 1352 1068 1374 vox
1100 1344 1259 1373 inhumana
1290 1350 1317 1373 et
1345 1343 1478 1373 scelerata
1507 1344 1625 1373 ducitur

102 1410 122 1427 „
140 1399 260 1426 eorum,
281 1392 331 1427 qui
347 1399 452 1429 negant
477 1402 507 1422 se
531 1401 683 1430 recusare,
712 1395 887 1431 quominus,
907 1396 980 1432 ipsis
1000 1396 1144 1431 mortuis,
1172 1402 1307 1425 terrarum
1339 1395 1468 1424 omnium
1490 1395 1627 1431 deflagra-

102 1462 123 1479 „
141 1443 184 1471 tio
204 1449 417 1479 consequatur,
447 1445 527 1480 quod
557 1445 670 1482 vulgari
698 1447 822 1482 quodam
853 1455 940 1475 versu
964 1446 1078 1476 Graeco
1104 1446 1285 1483 pronuntiari
1306 1447 1399 1482 solet;
1430 1452 1506 1475 certe
1525 1453 1624 1475 verum

102 1514 123 1530 ,‚
140 1500 199 1530 est,
221 1494 303 1523 etiam
321 1495 378 1531 iis,
405 1496 456 1532 qui
480 1496 634 1532 aliquando
664 1497 758 1526 futuri
782 1497 862 1533 sint,
890 1506 954 1527 esse
975 1504 1094 1535 propter
1119 1497 1200 1534 ipsos
1227 1498 1447 1528 consulendum.
1496 1498 1542 1527 Ex
1570 1498 1639 1534 hac-

103 1566 123 1581 „
143 1545 303 1575 animorum
335 1546 503 1583 affectione,
525 1554 714 1584 testamenta,
738 1547 1065 1584 commendationesque
1095 1547 1297 1581 morientium,
1324 1554 1406 1577 natae
1432 1548 1545 1577 sunt.''
1565 1548 1625 1586 (cle

102 1598 170 1629 Fin.
191 1599 244 1628 111,
268 1607 314 1635 19.
337 1601 414 1638 20.)
444 1600 493 1629 Sic
521 1600 640 1636 Cicero,
661 1602 695 1630 de
717 1592 888 1630 testamento
904 1600 1052 1639 Epicuri,
1075 1600 1106 1628 in
1128 1607 1187 1635 quo
1207 1599 1376 1628 Metrodori
1397 1599 1551 1628 liberorum
1575 1607 1626 1628 cu-

102 1658 161 1679 ram
185 1650 349 1680 Hermacho
371 1652 561 1689 injunxerat,
581 1653 704 1689 loquens
730 1653 790 1689 (de
809 1653 877 1682 Fin.
901 1653 936 1682 11.
961 1653 1034 1690 31.)
1062 1673 1086 1688 „
1108 1652 1163 1680 ista
1186 1650 1397 1680 commendatio
1420 1648 1625 1687 puerorum,”

100 1700 197 1738 lnquit
227 1723 251 1739 ,‚
271 1703 408 1732 memoria
433 1709 460 1732 et
477 1704 581 1733 caritas
601 1704 761 1740 amicitiae,
783 1702 960 1733 summorum
986 1703 1145 1733 officiorum
1168 1702 1198 1732 in
1221 1709 1346 1732 extremo
1375 1702 1639 1738 spiritu=consen=<

104 1772 124 1789 „
142 1753 240 1790 vatio,
264 1754 390 1791 indicat,
412 1755 537 1784 innatam
558 1764 620 1785 esse
639 1755 750 1785 homini
767 1755 938 1792 probitatem
957 1755 1107 1793 gratuitam
1120 1776 1131 1791 ,
1152 1753 1212 1784 nen
1235 1753 1382 1784 invitatam
1395 1752 1624 1790 molup‘tatibus,

104 1823 124 1840 „
143 1806 194 1833 nee
223 1806 415 1842 praemiorum
449 1808 626 1838 mercedibus
656 1814 819 1837 evocatam.
868 1807 948 1845 Quid
980 1806 1061 1836 enim-
1085 1806 1284 1836 testimonium
1313 1806 1407 1844 majus
1442 1806 1624 1842 quaerimus,

106 1874 126 1891 „
147 1863 219 1891 quae
239 1856 361 1888 honesta
383 1865 410 1888 et
434 1866 510 1888 rectu
533 1860 613 1896 sint,
645 1859 709 1897 ipsa
729 1867 791 1888 esse
816 1858 956 1896 optabilia
978 1866 1028 1895 per
1050 1866 1129 1894 sese,
1160 1867 1226 1887 cum
1257 1858 1403 1887 videamus
1429 1863 1506 1887 tanta
1533 1856 1639 1886 officia·

109 1926 129 1944 „
147 1908 319 1938 morientis?
361 1911 460 1947 Atque
481 1911 602 1941 Laelius
611 1911 630 1924 ’⁹
651 1912 711 1950 (de
732 1911 828 1940 Amic.
858 1918 888 1939 c.
906 1912 979 1949 12.)
1007 1910 1077 1939 mihi
1093 1909 1113 1923 ”
1152 1914 1291 1946 testatur,
1320 1918 1345 1946 „⁴
1366 1914 1427 1939 non
1449 1907 1559 1938 minori
1573 1916 1626 1937 cu·

110 1975 131 1996 ‚,
149 1967 194 1988 rae
215 1966 282 1996 est,
301 1961 395 1998 qualis
416 1970 492 2000 resp.
519 1970 589 2002 post
612 1970 731 1994 mortem
752 1971 841 1993 meam
868 1962 966 1992 futur-a
990 1963 1050 1999 sit,
1070 1971 1155 2000 quam
1176 1962 1284 2000 qualis·
1302 1962 1388 1992 hodie
1411 1960 1493 1991 sit.''
1512 1966 1559 1985 -2
1635 1975 1641 1986 s

865 2014 894 2044 G
916 2022 934 2043 a
1583 2009 1633 2041 112.
