1913 2427
340 123 819 160 DISSERTATIO
885 125 1434 166 PHILOSOPHICA.
1595 131 1641 163 61-

176 215 256 254 Quid
271 215 350 244 hisce
368 215 484 252 gravius
507 220 535 242 et
557 213 712 242 sublimius
732 211 885 248 excogitari
904 213 1026 248 potest?
1045 214 1158 244 Diffusa
1177 223 1220 245 est
1240 227 1288 254 per
1309 227 1427 254 omnes,
1449 227 1545 248 omnes
1570 226 1640 248 con-

133 267 247 302 tinens,
277 266 455 302 adstringens
479 271 506 293 et
527 265 684 301 obligans,
712 271 768 291 una
798 264 843 291 lex
864 265 978 292 moralis
994 286 1004 300 ,
1036 273 1070 294 ex
1096 274 1188 297 mente
1220 269 1316 298 divina
1343 276 1404 298 orta
1434 276 1461 299 et
1486 271 1567 307 quasi
1593 271 1640 299 de-

131 324 263 356 promta,
286 317 370 354 cujus
392 325 451 345 non
472 315 567 344 verbis
592 315 762 348 hominum,
783 315 833 342 sed
855 321 968 343 naturae
994 325 1080 352 voce,
1110 326 1244 348 contenta
1269 327 1297 349 et
1318 330 1449 357 expressa
1467 321 1638 358 significatio

129 370 170 398 ita
196 368 324 398 omnium
354 367 456 396 animis
488 367 637 395 hominum
668 365 805 401 inscripta
830 371 857 392 et
885 366 968 401 quasi
998 367 1142 405 insculpta
1167 377 1228 406 est,
1258 378 1289 400 ut
1315 372 1364 407 qui
1393 373 1434 400 illi
1466 380 1495 400 se
1528 373 1640 401 subtra-

130 422 201 456 hat,
230 426 358 450 naturam
390 427 469 448 suam
499 418 639 447 continuo
671 425 706 445 ex
733 425 762 445 se
790 416 856 451 ipso
885 417 978 446 tollat.
1028 420 1190 450 Secundum
1222 422 1299 451 illam
1331 423 1419 460 legem
1448 423 1510 459 ipsa
1535 423 1638 460 effigies

129 479 244 502 naturae
266 471 354 499 efficta
378 477 404 498 et
432 469 611 499 conformata
633 474 693 502 est,
722 467 761 495 ita
784 473 817 495 ut
843 467 946 504 effigies
975 469 1022 499 illa
1047 472 1130 501 verba
1158 474 1229 510 legis
1256 476 1337 510 quasi
1371 477 1401 504 in
1432 475 1526 503 fronte
1549 482 1636 511 gerat.

126 524 226 559 Atque
240 523 327 560 hujus
345 522 417 558 legis
434 520 616 550 inveniendae
629 526 656 547 et
673 519 890 548 constituendae
906 527 1007 549 auctor
1020 521 1075 551 fuit
1096 524 1198 560 Deus;
1220 525 1292 554 idem
1316 527 1482 555 exercendae
1498 532 1525 554 et
1546 535 1640 562 perse·-

128 575 255 611 quendae
271 574 359 611 judex
382 580 408 601 et
429 573 507 601 ultor
534 579 705 607 supremus,
734 570 837 598 vindex
857 571 1025 602 acetriinus:
1054 582 1088 603 eo
1115 577 1217 611 modo,
1248 584 1280 605 ut
1306 577 1356 612 qui
1381 583 1481 605 contra
1504 578 1579 605 illam
1602 578 1640 606 le,

127 634 209 663 gem,
229 631 314 661 atque
330 625 368 652 ita
388 624 538 652 humanam
556 629 684 651 naturam
704 627 827 658 peccet,
847 629 881 650 eo
896 621 980 659 ipso,
1003 625 1082 661 quod
1105 634 1135 654 se
1158 625 1268 663 fugiat,
1301 628 1436 657 maximas
1460 637 1568 665 poenas
1591 630 1638 658 da-

118 683 206 709 >turus
229 677 279 706 sit.

163 729 349 766 Quantopere
375 729 464 766 igitur
489 728 561 757 illud
583 736 688 757 numen
718 727 889 763 colendum,
920 730 1108 758 venerandum
1126 751 1136 764 ,
1165 732 1372 760 reverendum?
1409 739 1517 768 quanto
1545 741 1641 762 amore

124 781 359 819 prosequendum
378 787 405 808 et
427 779 628 817 diligendum?
656 788 672 808 a
694 788 753 814 quo
776 779 871 807 omnia
895 779 938 815 ita*
954 787 1022 808 sunt
1045 782 1223 818 constituta,
1252 790 1284 811 ut
1307 790 1396 819 sunt3
1427 785 1579 820 omniaque
1602 785 1643 814 ita

115 840 293 869 servantur,
315 833 432 862 itt->suis
457 833 571 870 singula
599 832 708 860 finibus
728 831 837 867 optime
862 831 1064 860 satisfaciant:
1094 841 1110 860 a
1131 842 1190 868 qno
1211 841 1378 870 generatus,
1407 843 1494 871 atque
1524 836 1563 865 ita
1595 844 1641 865 or-

121 892 206 916 natus
228 891 272 914 est
293 885 400 919 homo,
422 890 454 912 ut
472 883 562 919 patris
587 889 615 911 et
639 883 766 911 auctoris
786 882 921 913 familiam
945 893 1004 912 non
1030 885 1146 914 abnuat.

118 956 121 960 v
143 936 206 966 Ἐκ
229 935 279 964 tali
300 944 367 972 ergo
391 934 561 970 affectione,
588 943 647 963 non
678 935 821 964 institutis
854 941 915 964 orta
939 941 988 963 aut
1014 936 1149 972 legibus,
1171 938 1219 966 sed
1243 946 1342 968 natura
1361 940 1422 977 ipsa
1447 941 1572 970 hominis
1595 940 1642 970 in-

122 988 210 1024 nixa,
232 987 366 1016 oriuntur
385 986 479 1015 omnia
505 986 554 1014 illa
579 986 692 1022 officia,
723 995 795 1027 quae
820 987 931 1016 homini
952 995 1016 1023 erga
1040 988 1133 1016 Deum
1157 989 1349 1026 incumbunt,
1376 991 1438 1021 sive
1457 992 1534 1021 ill-ain
1556 999 1642 1021 natu·

122 1048 181 1068 ram
209 1046 372 1076 supremam
394 1044 470 1066 extra
490 1045 543 1072 se,
563 1046 596 1066 ex
617 1046 674 1073 qua
697 1038 792 1066 onmia
808 1038 928 1073 pendere
945 1039 1022 1067 ultro
1043 1040 1187 1076 agnoscit.
1210 1058 1245 1063 —
1266 1042 1370 1078 Neque
1390 1050 1433 1072 est
1456 1052 1543 1080 gens,
1565 1052 1639 1079 quae

123 1091 321 1120 necessitatem
338 1097 398 1118 non
415 1088 537 1124 sentiat,
553 1090 588 1117 ad
605 1089 780 1126 superiorem
795 1089 918 1124 aliquam
933 1095 1081 1126 naturam,
1103 1099 1186 1126 quarn
1202 1092 1372 1128 humanam,
1394 1093 1572 1130 refugiendi,
1589 1093 1641 1122 cui

119 1150 205 1179 egens
228 1142 352 1177 quisque
369 1148 397 1169 et
416 1142 567 1171 afflictatus
582 1149 684 1178 preces
701 1141 852 1176 adhibeat,
874 1141 1012 1169 auxilium
1029 1150 1165 1179 sperans,
1193 1144 1240 1172 cui
1255 1145 1403 1181 prosperis
1425 1145 1511 1174 rebus
1531 1145 1641 1175 florens

119 1193 241 1232 gratias,
268 1199 296 1221 et
317 1193 460 1221 bonorum
484 1193 566 1228 quasi
589 1193 748 1229 primitias,
770 1197 843 1232 grati
863 1197 950 1225 animi
969 1197 1091 1233 indicia,
1118 1197 1235 1227 offerat:
1262 1200 1297 1227 ad
1320 1208 1406 1235 quam
1427 1200 1547 1236 denique
1576 1209 1640 1229 otn-

119 1246 150 1276 ni
177 1252 307 1281 tempore
325 1265 335 1280 ,
364 1245 501 1280 omnique
531 1245 562 1273 in
590 1244 726 1282 fortuna,
765 1255 795 1276 se
824 1255 996 1284 convertat,
1026 1248 1191 1278 benevolam
1220 1251 1339 1279 tutelam
1369 1251 1521 1280 obsecrans
1551 1257 1639 1287 atque

119 1297 304 1334 praesidium.
345 1295 402 1324 His
426 1296 515 1332 igitur
536 1297 664 1325 omnium
688 1297 747 1326 fere
771 1299 941 1335 hominum,
971 1302 1159 1335 omniumque
1182 1301 1323 1337 gentium,
1356 1302 1559 1331 communibus
1583 1301 1644 1330 ini-

120 1349 173 1378 tiis
193 1347 314 1377 fulcitur
336 1354 470 1383 quartum
495 1347 642 1377 doctrinae
665 1349 780 1378 moralis
805 1349 1002 1387 Principium,
1024 1359 1058 1380 ex
1090 1359 1149 1386 quo
1174 1352 1333 1389 obligamur
1352 1354 1387 1381 ad
1417 1353 1498 1382 illum
1517 1375 1526 1389 ,
1553 1362 1641 1389 quem.

118 1399 324 1436 agnoscimus,
347 1399 440 1427 Deum
463 1399 634 1436 colendum,
657 1402 865 1436 venerandum,
887 1402 1032 1437 nobisque
1052 1402 1282 1438 conciliandum,
1304 1404 1458 1439 omniaque
1479 1404 1528 1432 illa
1546 1403 1643 1433 officiae

119 1451 282 1487 implenda,
309 1458 383 1485 quae
405 1457 439 1478 ex
457 1450 514 1479 hoc
537 1458 640 1486 quarto
659 1452 805 1488 Principio
825 1453 905 1489 justa
928 1452 1153 1482 conclusionum*
1175 1453 1246 1482 serie
1268 1454 1430 1483 eliciuntur.-

159 1501 249 1531 Elicit
272 1507 364 1529 autem
388 1501 486 1530 Cicero
512 1509 546 1530 ex
572 1502 628 1531 hoc
656 1510 758 1538 quarto
774 1504 921 1540 Principio
944 1504 1088 1540 officium,
1112 1505 1190 1540 quod
1211 1514 1271 1534 non
1295 1506 1362 1534 adeo
1387 1507 1421 1534 ad
1443 1506 1569 1536 divinum
1588 1516 1652 1537 nuv

120 1561 205 1589 men,
226 1561 310 1589 quam
336 1553 371 1581 ad
396 1553 539 1582 hominem
565 1554 696 1590 pertinet.
742 1555 854 1593 Nempe
879 1565 912 1585 ex
938 1565 1034 1585 amore
1063 1556 1109 1585 sui
1135 1555 1254 1585 derivari
1277 1564 1335 1584 non
1358 1564 1457 1593 potest
1477 1557 1644 1596 obligatio,

120 1606 210 1635 vitam
232 1605 343 1633 tamdiu
368 1604 526 1640 retinendi,
558 1614 642 1641 qnam
673 1606 758 1635 nobis
793 1616 807 1636 a
827 1609 971 1644 'supremo
1004 1607 1120 1637 numine
1142 1608 1338 1644 permittitur:
1366 1618 1400 1637 ex
1423 1615 1524 1644 quarto
1550 1610 1646 1647 igitur·

121 1656 268 1693 Principio
291 1657 461 1692 deducitur,
491 1657 623 1685 illicitum
647 1664 675 1686 et
702 1664 801 1687 contra
824 1666 952 1687 naturam
979 1667 1058 1694 esse,
1087 1667 1154 1688 suas
1178 1659 1232 1688 sibi
1255 1668 1354 1688 manus
1376 1660 1487 1690 inferre.
1529 1662 1646 1694 Audia-

119 1718 184 1740 mus
207 1714 364 1737 auctorem.
388 1724 423 1731 —-
445 1729 466 1743 „
486 1708 609 1738 Vivendi
627 1709 694 1738 finis
717 1716 761 1739 est
783 1712 930 1748 optimus,
959 1721 1024 1740 cum
1051 1712 1159 1749 integra
1184 1718 1276 1741 mente
1299 1712 1459 1748 ceterisque
1481 1714 1615 1742 sensibus
1625 1733 1643 1750 5.

121 1782 144 1798 „
166 1769 240 1798 opus
259 1760 322 1796 ipsa
338 1768 422 1788 suum
439 1761 552 1796 eadem,
580 1769 655 1797 quae
676 1763 902 1799 coagmentavit,
931 1769 1030 1792 natura
1051 1763 1202 1800 dissolvit3
1227 1769 1261 1792 ut
1282 1772 1393 1799 navem,
1417 1771 1448 1792 ut
1471 1765 1638 1794 aedificium:

118 1832 144 1849 „
166 1811 236 1840 idem
260 1811 384 1840 destruit
405 1810 556 1848 facillime,
579 1812 630 1848 qui
647 1815 831 1851 construxit,
862 1815 904 1843 sic
925 1815 1068 1843 hominem
1090 1815 1184 1844 eadem
1212 1815 1341 1851 optime,
1365 1823 1436 1850 quae
1456 1817 1644 1852 conglutinam

121 1881 144 1898 „
165 1861 224 1896 vit,
245 1866 343 1889 natura
365 1861 510 1892 dissolvit.
549 1862 611 1900 Jam
634 1864 731 1893 omnis
759 1865 971 1902 conglutinatio
1003 1871 1101 1894 recens·
1124 1874 1223 1902 aegre,
1255 1866 1405 1895 inveterata
1434 1866 1518 1895 facile
1544 1867 1640 1896 diver-

121 1932 148 1949 „
165 1912 252 1948 litut,
282 1913 321 1940 ita
341 1912 390 1949 fit,
411 1913 531 1945 utillud
552 1914 637 1946 breve
659 1915 734 1946 vitae
755 1917 906 1954 reliquium
928 1926 980 1946 nec
1009 1908 1091 1947 avf'de
1112 1917 1301 1954 appetendum
1332 1917 1471 1955 senibus,
1498 1925 1550 1947 nec
1574 1918 1642 1949 sine.

908 1969 938 1998 H
959 1977 975 2006 3
1529 1988 1553 2005 „,
1568 1976 1640 1997 cau*
