1913 2427
678 142 1061 173 ORATIO.
1571 151 1609 185 ¹7

120 236 208 281 ipsos
239 242 371 280 petunt,
401 233 597 278 quibuscum
627 233 741 266 natura
782 242 858 266 sunt
896 235 1023 274 sociati,
1046 233 1240 278 quibuscum
1270 233 1436 272 habitant,
1460 235 1598 275 vivunt,

122 293 168 326 sal
203 293 311 325 edunt.
367 294 455 333 Quas
488 299 523 324 tu
543 292 623 323 mihi
650 291 735 334 leges
762 303 890 330 narras,
915 303 997 335 quae
1015 293 1109 334 jura,
1132 301 1211 334 quas
1227 292 1371 334 poenas?
1403 293 1491 331 Quae
1515 292 1596 323 mihi

117 351 216 382 etiam
231 361 350 392 magno
365 356 554 393 argumento
565 360 635 380 esse
653 348 820 386 videntur,
842 349 878 379 in
894 349 971 391 ipsis
983 358 1108 391 generis
1123 347 1258 378 humani
1274 347 1449 379 visceribus
1466 348 1596 391 aliquod

118 406 242 439 malum
263 406 406 444 haerere,
428 406 518 449 quod
529 405 715 448 ejus-saluti
731 411 763 436 et
784 405 1018 443 incolumitati,
1040 412 1203 448 tamquam
1228 414 1340 435 saxum
1361 405 1510 443 Tantalo,
1535 405 1596 435 im-

120 464 251 498 mineat.
295 465 376 504 Quis
401 465 484 495 inter
508 462 616 494 leones
640 461 822 505 legislator?
844 463 916 505 quis
943 462 1095 505 praetor?
1118 472 1199 504 quae
1228 461 1409 504 supplicia?
1433 462 1506 503 quis
1529 471 1596 492 car-

117 520 228 553 nifex?
258 520 386 562 Quibus
411 519 555 563 profecto
578 530 636 551 nec
662 518 710 549 illi
732 525 842 562 egent,
865 530 970 562 neque
997 530 1057 550 nos
1091 529 1277 560 egeremus,
1300 518 1328 549 si
1350 518 1460 549 eadem
1485 517 1594 548 homi·

118 589 199 610 num
225 584 330 615 esset,
362 588 443 621 quae
478 576 742 620 quadrupedum,
773 576 809 607 iu
841 576 954 607 eodem
983 582 1067 607 statu
1092 575 1275 618 permansio
1300 581 1356 605 aut
1382 575 1591 617 permanendi

118 634 277 667 voluntas.
328 636 441 677 Neque
475 634 518 665 ita
553 633 635 664 mihi
671 643 866 675 quemquam
892 643 1100 664 occursurum
1123 643 1190 663 esse
1213 631 1370 669 arbitror,
1397 638 1432 662 ut
1462 643 1594 671 eorum,

117 693 177 736 qui
210 691 336 723 salvum
366 702 433 722 esse
469 701 571 733 genus
609 690 788 720 humanum
826 690 941 728 velint,
971 697 1092 721 tantam
1116 699 1183 720 esse
1207 694 1336 731 tamque
1357 688 1594 730 praevalentem

118 748 186 780 vim
219 759 256 779 ac
294 747 535 779 multitudinem
570 747 670 785 dicat,
692 753 729 777 ut
761 746 878 777 horum
908 747 1084 779 constantia
1110 756 1285 789 paucorum
1318 744 1449 783 levitas,
1473 745 1593 777 horum

114 805 289 849 prudentia
312 815 488 849 paucorum
518 803 665 841 audacia,
693 803 811 834 horum
836 803 976 847 denique
997 804 1116 834 virtute
1142 812 1318 846 paucorum
1344 801 1531 845 improbitas
1549 801 1594 833 fa-

115 863 178 895 cile
201 863 286 894 vinci
305 868 338 894 et
358 862 509 905 ,opprimi
534 861 643 904 possit.
691 861 791 901 Quasi
821 872 897 892 vero
919 867 973 892 aut
1000 867 1086 891 tanta
1115 860 1174 897 sit,
1196 865 1351 902 quantam
1379 865 1508 899 putant,
1531 858 1591 890 bo·

117 930 236 953 norum
273 918 448 953 multitudo
471 925 567 962 atque
593 928 765 961 pravorum
789 918 950 961 paucitas,
974 924 1046 955 aut⁷
1070 917 1096 948 si
1127 917 1170 947 ita
1190 916 1251 955 sit,
1276 916 1344 947 sine
1370 916 1428 946 Dei
1456 903 1593 959 praeposs

115 978 214 1011 tentis
239 977 373 1008 numine
396 975 466 1007 fieri
489 975 643 1008 credibile
668 975 725 1013 sit,
749 982 785 1006 ut
801 998 810 1013 ,
834 986 909 1006 cum
932 974 1091 1006 humanae
1122 979 1272 1011 naturae,
1295 979 1461 1015 tamquam
1479 972 1594 1012 librae,

112 1021 253 1077 ‚utraque
277 1033 353 1065 lanx
376 1033 427 1065 vel
456 1033 593 1066 minimo
611 1043 703 1075 saepe
726 1038 892 1063 momento
916 1038 1025 1074 vergat
1050 1042 1086 1062 ac
1116 1030 1334 1074 demeatur,
1357 1041 1410 1067 ea,
1434 1031 1467 1061 in
1494 1040 1594 1072 quam

113 1091 267 1134 imposita
300 1090 403 1120 virtus
426 1095 492 1126 est,
515 1095 698 1120 constanter
717 1088 930 1132 propendeat,
955 1088 1052 1119 altera
1070 1086 1208 1118 tollatur.
1253 1086 1339 1127 Quid
1354 1087 1454 1118 vero?
1476 1097 1517 1117 an
1534 1096 1592 1117 vos

113 1158 168 1180 me
197 1147 239 1179 de
271 1146 428 1190 petulanti
453 1145 563 1188 aliquo
585 1145 718 1177 homine
744 1145 835 1188 loqui
862 1146 997 1188 putatis,
1025 1144 1083 1187 qui
1108 1143 1256 1187 pauperis
1289 1143 1412 1186 tugurii
1439 1142 1593 1174 ostiolum

108 1204 281 1247 effringat,
302 1209 360 1234 aut
387 1202 426 1234 de
449 1200 640 1241 furunculo,
663 1203 721 1245 qui
746 1202 787 1233 de
810 1201 919 1233 divitis
948 1200 1094 1243 pomario
1124 1211 1230 1243 pruna
1242 1199 1382 1231 delibet?
1423 1200 1593 1242 Cujusmo-

107 1261 149 1296 ,di
177 1272 253 1293 sane
286 1259 569 1292 commotiunculis
599 1259 628 1290 si
656 1265 756 1290 status
779 1259 946 1290 civitatum
974 1264 1069 1300 atque
1094 1258 1187 1300 quies
1214 1256 1336 1287 turbari
1361 1263 1482 1300 posset,
1506 1255 1595 1287 nulla

108 1318 251 1361 amplius
273 1324 369 1349 staret
389 1324 485 1360 atque
507 1317 684 1360 quiesceret
705 1316 827 1348 civitas.
871 1313 934 1346 Sed
957 1324 1032 1345 cum
1047 1314 1090 1345 ita
1105 1313 1275 1344 hominum
1295 1313 1377 1344 inter
1406 1314 1493 1356 ipsos
1517 1324 1594 1344 con-

111 1376 222 1408 stituta
241 1375 283 1407 sit
297 1375 446 1412 societas,
471 1380 507 1405 ut
528 1374 564 1404 in
583 1384 779 1417 paucorum,
804 1383 902 1416 penes
923 1382 1006 1415 quos
1030 1371 1229 1415 principatus
1252 1378 1316 1409 est,
1343 1370 1502 1414 capitibus
1523 1370 1596 1401 uni-

112 1443 276 1465 versarum
310 1432 456 1474 gentium
478 1430 563 1462 salus
584 1430 680 1474 atq'ue
702 1430 832 1462 fortuna
859 1428 1075 1472 periclitetur;
1105 1439 1245 1471 quorum
1271 1428 1416 1470 ipsorum
1451 1427 1536 1458 salus
1559 1438 1595 1458 ac

109 1488 261 1527 fortuna,
283 1500 351 1532 quo
374 1494 450 1520 suut
476 1488 510 1519 in
536 1487 641 1519 altiori
664 1487 830 1530 dignitatis
847 1485 949 1529 gradu
968 1485 1131 1523 collocati,
1152 1495 1192 1515 eo
1206 1484 1356 1528 pluribus
1372 1483 1511 1515 invidiae
1529 1494 1596 1515 ma-

113 1546 366 1589 levolentiaeque
395 1544 464 1576 telis
494 1545 658 1587 proposita
689 1554 757 1575 esse
783 1542 882 1574 solet:
904 1541 1112 1584 intelligitur,
1136 1547 1290 1584 quantam
1316 1541 1465 1571 omnium
1488 1550 1597 1571 rerum

108 1603 406 1648 perturbationem,
428 1607 650 1645 quantamque
678 1599 926 1637 confusionem,
957 1598 1068 1630 afferre
1098 1598 1199 1641 possit
1223 1597 1275 1629 vel
1299 1598 1396 1628 unius
1421 1596 1596 1640 parricidae

109 1671 236 1692 mucro.
290 1662 388 1697 Sunt,
422 1659 480 1701 qui
510 1657 749 1694 Alexandrum,
777 1656 917 1699 Philippi
951 1655 1073 1695 filium,
1103 1665 1229 1686 veneno
1260 1653 1442 1685 confectum
1470 1659 1597 1697 putent.

116 1716 207 1749 Falso
228 1715 360 1759 quidem
383 1714 445 1746 illi:
469 1714 524 1746 sed
546 1721 652 1746 tamen
678 1715 706 1745 si
738 1715 782 1745 ita
809 1713 989 1751 accidisset,
1012 1713 1055 1750 is,
1078 1712 1135 1755 qui
1152 1712 1295 1742 toxicum
1310 1711 1505 1749 miscuisset,
1528 1720 1595 1742 non

118 1772 303 1805 Alexandro
320 1773 433 1815 magis,
456 1782 554 1815 qnam
573 1771 727 1814 imperio,
752 1770 927 1803 Alexandri
945 1769 1088 1801 victoriis
1106 1775 1210 1811 parto,
1236 1768 1403 1799 interitum
1421 1767 1587 1798 attulisset.

119 1830 207 1871 Quid
228 1832 263 1861 C.
286 1829 408 1860 Julium
427 1831 592 1860 Caesarem
610 1828 735 1866 dicam,
758 1827 919 1871 frequenti
942 1829 1075 1864 Senatu,
1098 1825 1138 1856 ad
1156 1825 1299 1868 Pompeji
1317 1825 1504 1856 columnam
1525 1823 1595 1867 pla·

118 1888 168 1930 gis
190 1886 395 1919 confossum?
428 1885 509 1929 quid
537 1885 711 1916 Henricurn
742 1886 921 1924 Quartum,
947 1882 1066 1914 Galliae
1096 1892 1222 1925 regem,
1244 1881 1396 1924 secespita
1427 1879 1595 1912 necatum?

105 1943 201 1986 ,quid
228 1942 426 1974 Gulielmum
451 1942 611 1978 Primum,
631 1951 723 1978 eum,
744 1943 801 1984 qui
826 1941 975 1984 patriam,
997 1949 1062 1983 qua
1094 1938 1179 1970 nihil
1206 1938 1302 1970 nobis
1329 1939 1433 1969 carius
1461 1947 1528 1967 esse
1545 1935 1598 1967 de·

120 1999 193 2039 bet,
215 1998 256 2030 ab
288 1999 506 2042 Hispanorum
539 1997 768 2042 superbissimo
795 1997 963 2030 dominatu
982 1995 1168 2029 vindicavit.
1214 1995 1303 2037 Quid
1321 1994 1399 2026 alios
1419 2000 1485 2025 toto
1503 1999 1599 2023 terra-

922 2055 947 2085 C
1529 2058 1602 2079 rum
