1913 2427
203 153 289 202 ’Μ
611 134 1445 188 3.Β.ΤΗοΒΒΕ(;ΚΕ’

288 245 380 275 Adest
401 244 501 274 deinde
523 242 677 279 conjuncta
702 241 769 270 huic
787 240 886 277 agendi
909 248 1021 276 semper
1045 239 1153 276 aliquid
1179 239 1296 267 maxima
1320 237 1487 275 instigatio:
1517 238 1555 266 ita
1580 243 1612 266 ut
1633 244 1661 267 et
1681 238 1755 268 iner-

251 297 355 327 tissimi
379 296 511 325 homines
539 293 737 330 sempiternam
761 292 882 328 quietem
905 291 1036 328 fugiant:
1059 291 1138 327 pueri
1161 290 1305 326 quiescere
1327 297 1471 324 nunquam
1497 289 1630 325 possint,
1654 289 1756 326 optimi

250 357 279 377 et
303 347 505 385 praecellentes
530 345 606 380 viri,
640 350 748 380 quanto
773 343 862 380 magis
880 349 950 373 sunt
970 343 1186 380 praecellentes,
1216 347 1296 369 tanto
1320 341 1415 368 minus
1437 339 1525 376 quieti
1551 340 1697 376 tribuant,
1721 340 1758 369 li-

250 399 423 435 bentiusque
447 397 557 426 labores
586 395 760 431 suscipiant.

290 451 368 479 Inest
392 449 514 484 denique
540 447 635 476 animo
652 445 791 475 libertatis
814 452 841 474 et
864 445 945 481 quasi
971 444 1150 482 principatus
1173 443 1300 479 cupido,
1329 443 1369 471 ita
1388 448 1439 478 nt,
1467 442 1536 478 quid
1561 448 1642 479 agat,
1672 441 1760 471 libere

253 509 350 538 agere,
372 505 400 528 et
418 499 460 528 sic
482 498 596 533 vivere,
619 503 650 525 ut
669 497 758 532 velit,
778 497 886 534 flagitet
903 497 960 531 ude
975 495 1033 535 Off.
1058 496 1079 525 1.
1104 505 1148 524 20.
1170 494 1248 524 conf.
1272 494 1312 522 ij·
1334 494 1356 523 1.
1378 503 1405 529 4.
1418 498 1449 528 ³,
1474 493 1660 530 neminique,
1682 500 1759 523 extra

252 561 281 582 se
304 552 425 581 libenter
456 550 656 586 obtemperet,
685 549 839 585 ipsumque
872 555 962 578 semet
991 548 1055 577 auls
1081 546 1272 584 anteponendi
1309 545 1559 574 vehementissimo
1588 544 1684 574 studio
1708 545 1764 573 du-

253 610 345 632 catur.

291 653 514 690 Argumentandi
538 653 672 682 rationem
695 651 777 681 facile
798 650 996 687 unusquisque
1025 649 1198 686 perspexerit
1221 650 1252 678 in
1280 657 1314 678 eo
1338 657 1418 684 esse,
1449 654 1481 676 ut
1505 647 1619 676 initium
1646 647 1768 676 ducatur

254 706 289 736 ab
317 706 440 734 humana
468 711 594 733 natura:
630 705 655 732 ei
676 712 746 739 quae
768 703 889 737 insunt,
915 708 947 731 ut
978 707 1068 736 sunt,
1098 701 1285 729 observentur
1314 708 1341 729 et
1371 700 1565 735 explicentur:
1593 707 1626 727 eo
1652 697 1764 726 tandem

256 758 344 787 modo
367 756 504 791 exemplis
529 764 562 784 ex
587 755 666 783 omni
683 754 830 783 hominum
852 759 940 781 aetate
956 752 1053 788 petitis
1077 752 1254 780 illustrentur
1281 757 1308 779 et
1326 751 1502 787 probentur,
1527 756 1560 779 ut
1581 750 1662 778 nulla
1683 747 1767 777 dubi-

254 809 326 837 tatio
350 807 536 842 relinquatur.
576 805 677 834 Presse
699 806 768 833 adeo
786 810 919 833 naturam
938 803 1038 831 ducem
1058 802 1216 838 sequitur,
1243 808 1274 830 ut
1298 802 1386 830 nullis
1410 801 1466 830 nisi
1495 807 1610 829 naturae
1639 798 1770 836 vestigiis

261 859 394 889 insistat:
426 856 568 893 quidquid
594 857 619 884 ei
644 855 714 884 insit
741 855 960 892 diligentissime
985 854 1125 891 colligat,
1151 853 1223 882 nihil
1250 854 1363 881 aliunde
1390 852 1514 888 arripiat.
1561 851 1677 880 Pondus
1703 858 1771 879 vero

255 917 343 947 atque
368 908 489 938 efficacia
512 915 626 942 earum,
648 915 719 943 quas
742 906 840 935 Cicero
863 906 999 940 adduxit,
1023 906 1187 940 rationum,
1209 905 1361 933 maximum
1387 910 1447 932 est:
1469 903 1498 931 in
1515 912 1548 931 eo
1570 901 1628 930 fuit
1651 907 1771 936 auctor,

260 968 295 990 ut
319 961 501 993 ostenderet,
532 967 669 994 quaenam
693 965 808 987 naturae
831 956 958 985 hominis
978 956 1088 992 insint,
1118 963 1150 985 ut
1177 956 1260 990 inde,
1289 955 1359 990 quid
1383 954 1408 982 ei
1428 954 1646 983 custodiendum
1672 957 1773 980 natura

259 1021 354 1042 comm
372 1010 485 1045 ndarit,
515 1010 653 1039 efficeret:
683 1009 803 1044 elicuit,
833 1017 904 1044 quae
928 1016 1021 1036 revera
1043 1008 1167 1042 adsunt,
1194 1013 1280 1042 atque
1308 1012 1341 1033 ut
1364 1005 1488 1041 primum
1519 1004 1584 1033 inde
1614 1003 1774 1032 officiorum

260 1063 439 1099 Principium
470 1061 687 1096 constituatur,
717 1060 788 1089 nihil
817 1060 874 1096 jam
901 1059 1025 1095 amplius
1050 1058 1223 1094 requiritur,
1255 1057 1311 1085 nisi
1339 1063 1371 1085 ut
1403 1062 1516 1092 aptetur
1545 1055 1617 1084 illud
1644 1061 1776 1091 praecep·

262 1122 342 1144 tum:
367 1134 386 1150 ‚‚
399 1113 465 1142 vive
482 1113 638 1140 seeundum
654 1110 828 1146 natui·am,”
849 1110 926 1145 illis,
950 1118 1019 1145 quae
1036 1116 1164 1138 naturam
1182 1108 1293 1137 homini
1312 1107 1447 1136 indidisse
1466 1116 1499 1136 ex
1518 1106 1653 1135 Cicerone
1673 1104 1779 1142 prdba-

260 1167 371 1196 vimus.
410 1163 557 1202 Quoniam
576 1163 664 1199 igitur
686 1169 806 1197 natura,
830 1162 985 1190 secundum
1008 1170 1038 1190 se
1063 1161 1152 1197 ipsam
1177 1166 1208 1188 ut
1226 1159 1321 1195 vivat,
1351 1159 1495 1187 hominem
1518 1156 1659 1186 devincit:
1683 1155 1778 1192 primo

264 1218 412 1253 obligatus
435 1221 478 1243 est
498 1214 585 1242 homo
605 1215 637 1242 ad
663 1222 712 1249 ea,
739 1222 831 1249 quae,
857 1214 890 1241 ad
908 1221 938 1241 se
960 1212 1054 1248 ipsum
1079 1213 1184 1246 relata,
1211 1217 1310 1239 natura
1333 1210 1357 1238 ei
1378 1209 1564 1238 custodienda
1591 1207 1724 1237 tradidit:
1745 1215 1781 1236 ex

263 1275 367 1298 natura
387 1267 476 1304 igitur
497 1265 643 1301 obligatus
674 1272 717 1293 est
736 1267 771 1293 ad
796 1272 919 1293 amorem
946 1263 1011 1299 sui;
1038 1272 1136 1292 omnes
1159 1270 1260 1298 nempe
1287 1268 1381 1299 partes
1402 1270 1488 1296 suas,
1517 1268 1646 1296 quaeque
1672 1259 1707 1287 ad
1735 1265 1782 1287 eas

266 1319 426 1356 pertinent,
455 1316 584 1345 servandi
607 1322 634 1344 et
659 1316 776 1350 tuendi,
806 1323 890 1350 quarn
914 1315 1022 1350 optime
1053 1315 1168 1350 possit,
1197 1315 1289 1342 salvas
1315 1319 1344 1341 et
1367 1313 1504 1349 integr-is.
1550 1311 1704 1347 Obligatus
1729 1309 1784 1345 igi·-

266 1377 315 1397 ttn·
339 1370 426 1397 homo
450 1374 495 1396 est
516 1369 550 1395 ad
580 1367 675 1396 omnia
698 1367 746 1395 illa
771 1366 883 1401 officia,
911 1374 981 1400 quae
1002 1374 1036 1394 ex
1059 1366 1113 1393 hoe
1141 1373 1235 1393 amore
1256 1364 1302 1392 sui
1331 1364 1520 1397 derivantur,
1548 1370 1610 1390 sese
1638 1361 1672 1389 ab
1703 1359 1785 1389 omni

268 1428 348 1458 parte
369 1418 568 1453 custodiendi,
590 1418 707 1454 injurias
729 1417 897 1454 repellendi,
926 1415 1077 1444 facultates
1100 1422 1131 1444 et
1160 1416 1234 1444 vires
1256 1424 1321 1443 curn
1341 1414 1471 1450 corporis
1501 1419 1561 1441 tum
1589 1411 1674 1441 animi
1698 1419 1785 1440 exco-

269 1471 345 1501 lendi
367 1477 394 1498 et
423 1469 608 1506 perficiendi,
644 1475 748 1497 statum
775 1475 921 1496 externum
950 1468 1089 1503 curandi,
1116 1475 1238 1502 eumque
1270 1467 1371 1501 laude,
1400 1464 1543 1499 fortunis,
1576 1463 1667 1498 fama,
1695 1461 1788 1499 digni-

269 1530 344 1558 tate,
364 1521 428 1550 aliis
456 1520 540 1549 rebus
563 1519 745 1555 innumeris,
771 1519 891 1555 augendi
922 1525 949 1546 et
973 1518 1112 1553 ornandi,
1138 1518 1272 1547 universe
1302 1517 1341 1546 ita
1365 1516 1530 1545 felicitatem
1558 1523 1639 1543 suam
1663 1513 1788 1549 amplifi·

267 1575 370 1608 candi,
401 1579 432 1600 ut
462 1571 596 1607 diligendi
623 1571 667 1599 sui
702 1571 860 1604 studium,
889 1577 1026 1604 quantum
1057 1570 1166 1605 optime
1196 1578 1228 1597 ex
1253 1575 1353 1597 natura
1384 1567 1445 1596 fieri
1469 1573 1590 1603 potest,
1622 1565 1781 1601 expleatur.

273 1624 378 1653 Omnia
403 1623 491 1659 igitur
513 1631 576 1659 erga
605 1629 718 1651 nosmet
746 1621 827 1656 ipsos
858 1621 948 1649 officia
970 1620 1165 1657 cognoscenti
1201 1620 1272 1648 illud
1306 1619 1480 1654 Principium
1509 1617 1577 1647 fons
1604 1622 1647 1645 est
1677 1614 1787 1644 uberri-

272 1684 361 1710 mus,
379 1675 437 1703 dux
459 1673 658 1709 certissimus,
687 1675 785 1701 lumen
814 1672 921 1707 ubique
946 1672 1152 1707 conspicuum:
1182 1680 1247 1699 cum
1274 1674 1431 1708 φιλαυτία,
1458 1670 1482 1698 si
1510 1677 1567 1698 non
1600 1667 1789 1703 impediatur,

275 1736 329 1758 nos
357 1732 460 1761 sponte
485 1726 519 1754 ad
541 1734 572 1753 ea
597 1726 750 1754 deductum
782 1724 839 1758 sit,
869 1732 941 1758 quae
966 1723 1000 1751 ad
1031 1723 1115 1750 vitam
1141 1723 1292 1750 humanam
1321 1730 1403 1757 quam
1434 1721 1597 1749 beatissime
1629 1718 1788 1753 transigen-

280 1779 363 1812 dam,
384 1777 547 1804 conducant
596 1776 762 1811 officiaque,
793 1774 899 1809 quibus
924 1781 957 1801 eo
987 1774 1112 1801 consilio
1142 1773 1317 1809 fungendum
1344 1780 1407 1808 est,
1439 1772 1521 1807 quasi
1551 1770 1642 1807 digito
1673 1768 1789 1799 indicet.

278 1828 422 1866 Quamdiu
451 1827 537 1861 igitur
562 1827 683 1856 humana
705 1832 803 1855 natura
833 1833 893 1853 non
915 1832 949 1852 ex
980 1824 1095 1852 homine
1125 1824 1255 1858 tollitur,
1285 1823 1428 1859 obligatus
1462 1823 1514 1851 erit
1546 1823 1580 1850 ad
1614 1829 1644 1849 ea
1679 1819 1791 1853 officia,

281 1888 352 1915 quae
376 1887 409 1906 ex
433 1878 580 1913 Principio
604 1878 740 1913 diligendi
765 1877 808 1905 sui
833 1876 1013 1910 derivantur,
1042 1875 1218 1904 observantia
1237 1881 1263 1903 et
1290 1874 1449 1911 implendae
1481 1874 1568 1910 idque
1593 1872 1645 1902 erit
1664 1871 1789 1913 primurn

281 1928 484 1963 Pll31‹]s¹1pli'lat·
510 1929 623 1956 niualis
647 1936 673 1958 et
695 1929 851 1958 officiorum
877 1926 1062 1962 Principium.

320 1980 419 2011 Unum
443 1979 599 2010 officiorum
618 1980 726 2010 fontem
749 1979 930 2017 aperuimus:
954 1977 1097 2007 videamus
1120 1976 1153 2006 de
1176 1975 1304 2013 reliquis.

1737 2022 1802 2055 Ho-
