1913 2427
217 154 262 177 τῃ
607 138 900 172 PETRI
986 140 1368 174 CAMPER'

222 228 377 260 confestiin
398 227 476 257 cives
497 228 535 263 ii,
558 228 609 264 qui
629 226 702 264 Regi
716 235 770 256 suo
788 226 874 255 modo
897 226 1064 262 turpissime
1077 228 1182 256 adulati
1207 233 1295 263 sunt,
1317 237 1384 258 mox
1407 228 1513 266 etiam,
1541 236 1574 259 ut
1598 238 1678 261 novo
1695 238 1742 269 ry·

223 290 313 312 ranno
336 281 549 318 obtemperent,
570 280 661 316 parati
681 279 876 308 Inveniuntur.
917 279 1010 307 Docet
1031 279 1087 308 hoc
1111 279 1279 317 Zungchini
1301 288 1365 308 vere
1388 280 1482 308 flebile
1499 280 1606 318 satum,
1628 292 1687 318 quo
1708 284 1745 313 ad

224 334 311 362 finem
334 338 479 370 vergente,
509 338 569 361 tota
587 331 644 359 fere
669 339 758 367 gens,
786 329 885 366 paucis
911 329 1056 365 exceptis,
1085 330 1243 368 Lykzmgzi
1265 338 1355 366 genua
1382 330 1492 362 adorat.
1533 333 1627 362 Docet
1650 335 1744 364 eadem

228 385 370 420 historia,
392 393 425 413 ex
450 385 527 413 nulla
547 392 575 412 re
600 389 710 411 tanturn
731 382 871 418 damnumJ
886 381 1068 418 principibus
1094 382 1265 417 redundare,
1295 390 1380 418 quam
1402 390 1436 411 ex
1458 382 1519 411 auri
1543 383 1626 414 fame.
1666 385 1747 424 Quid

226 435 326 466 enim?
347 435 371 463 si
391 435 486 463 omnia
510 434 663 463 liberaliter
681 440 707 462 et
732 433 866 463 munifice
887 434 1074 472 Zungchinus
1097 435 1222 471 egisset,
1247 442 1331 462 nemo
1350 440 1424 462 certe
1449 434 1556 463 civium
1581 436 1678 465 urbem
1697 445 1747 473 pa-

228 487 309 516 triam
325 508 335 521 ,
364 485 521 522 peregrinis
548 491 576 514 et
600 485 751 521 barbaris,
787 483 890 513 fuisset
920 485 1111 521 proditurus!
1141 501 1179 508 -—
1206 485 1372 522 Displicent
1401 485 1430 515 in
1454 487 1540 515 hacce
1567 486 1747 524 Tragoedia,

227 537 356 568 xaverii
376 537 500 573 Manes,
524 537 690 566 Catholicae
717 536 852 565 ecclesiae
871 542 898 565 et
913 536 1074 564 Raetorum
1096 537 1171 565 ludis
1192 537 1334 573 scenicis,
1363 538 1559 575 multomagis
1581 547 1613 568 ac
1637 540 1746 576 nobis,

228 589 436 619 convenientes
449 589 457 617 2

267 641 358 669 Verae
378 641 553 678 Tragoediae
581 639 932 675 accommodatissimum,
958 645 1019 668 tum
1051 646 1239 677 argumento,
1265 646 1329 669 tum
1354 641 1467 670 actione
1498 641 1579 678 ipsa,
1603 648 1647 671 est
1669 643 1748 672 aliud

225 693 320 723 nostri
341 693 507 729 specimen,
530 693 639 727 North,
662 692 723 721 sive
740 692 834 720 deleta
848 698 944 720 terra.
985 691 1029 720 lbi
1048 691 1122 720 enim
1143 692 1221 720 Deus
1249 701 1346 728 preces
1373 692 1500 721 hominis
1526 701 1590 722 vere
1610 694 1696 730 probi
1717 700 1748 724 et

227 744 269 782 pii
290 745 421 780 exaudit3
452 745 569 774 eundem
603 752 667 772 cum
694 744 818 780 conjuge
849 749 876 770 et
904 743 1001 772 liberis
1021 751 1055 772 ex
1083 744 1232 772 communi
1257 744 1500 773 dissolutissimae
1530 744 1624 781 gentis
1653 745 1749 774 interi-

227 802 279 832 tu,
300 796 461 825 admirabili
485 805 604 833 prorsus
624 795 757 830 ratione⁷
784 795 934 824 servando.
974 795 1089 830 Gravi,
1118 795 1168 824 sed
1191 794 1310 823 maxime
1337 795 1457 831 merito,
1486 796 1624 833 supplicii
1647 805 1748 834 genere

225 856 296 885 gens
316 848 386 883 ista,
408 857 474 876 cum
496 848 562 884 ipso
587 847 724 881 nomine,
751 846 870 875 eruitur.

264 902 364 937 Itaque
387 901 434 929 hic
458 901 582 935 virtuti,
613 900 638 928 si
663 900 730 928 alibi
753 907 893 935 usquam,
923 906 995 928 suus
1027 899 1154 927 redditur
1175 898 1278 927 honor.
1328 898 1383 926 Sed
1412 898 1480 926 haec
1507 899 1541 927 de
1564 905 1744 936 argumento.

224 952 269 982 De
283 953 347 989 ipsa
362 952 456 988 operis
480 952 653 988 praestantia
672 951 843 985 dicendum,
865 951 950 987 cujus
973 950 1039 979 bina
1060 956 1171 979 tantum
1194 949 1338 985 exempla,
1364 958 1398 979 ex
1419 951 1545 979 centenis
1568 951 1649 987 aliis,
1678 961 1744 988 pro-

226 1004 299 1033 ferre
320 1004 421 1039 liceat,
444 1010 545 1039 utpote
566 1011 639 1038 quae
664 1003 730 1031 solo
758 1001 894 1030 Vomlclio
921 1002 1073 1031 debentur:
1104 1010 1248 1030 sermones
1277 1009 1377 1037 nempe
1405 1002 1501 1037 duos;
1530 1002 1650 1030 aiterum
1674 1003 1748 1033 inter

222 1055 418 1084 Achimarmm
438 1055 543 1092 Regem
563 1054 680 1082 Noacln'
703 1053 999 1090 comminationibus,
1022 1055 1079 1091 jam
1103 1060 1235 1083 eventum
1256 1053 1312 1082 fere
1335 1053 1466 1088 sortitis,
1493 1061 1690 1090 commotum,
1717 1061 1747 1084 et

219 1107 350 1145 ejusdem
371 1107 501 1144 pellicem
526 1107 685 1135 Uraniam.
725 1106 806 1134 Alter
824 1112 889 1141 est,
915 1106 965 1142 qui
986 1105 1114 1135 obtinuit
1145 1107 1216 1134 inter
1247 1106 1400 1134 Noachum
1424 1111 1452 1133 et
1478 1105 1636 1141 Chamam,
1665 1105 1747 1142 pium

222 1165 330 1196 patrem
355 1165 382 1187 et
404 1167 463 1188 non
488 1166 578 1194 aeque
604 1158 682 1194 pium
706 1158 812 1186 filium.
849 1157 883 1186 In
903 1157 955 1186 illo
974 1157 1084 1193 egregIe
1108 1165 1152 1185 ars
1179 1155 1279 1185 emicat
1302 1156 1374 1190 ista,
1405 1163 1489 1191 quam
1524 1156 1664 1185 humanae
1696 1165 1746 1187 na-

220 1215 302 1238 turae
326 1210 521 1247 cognitionem
547 1210 688 1247 appellare
711 1211 848 1239 solemus.
890 1212 924 1239 In
947 1217 1078 1239 sermone
1107 1208 1218 1245 Regis,
1243 1208 1327 1245 cujus
1350 1207 1497 1243 animum,
1524 1207 1666 1243 probitate
1685 1217 1745 1239 non

219 1260 342 1290 omnino
362 1261 551 1296 destitutum,
572 1262 738 1297 voluptates
762 1261 942 1296 invaserant,
969 1260 1105 1289 ultimum
1131 1266 1158 1287 et
1179 1259 1297 1288 debilem
1325 1258 1407 1287 fracti
1431 1259 1531 1294 senis,
1552 1260 1587 1288 ad
1610 1261 1746 1297 repellen-

220 1312 272 1340 das
293 1310 476 1339 dulcissimas
511 1310 579 1339 istas
599 1311 649 1339 sed
669 1319 704 1339 eo
722 1310 787 1346 ipso
812 1311 995 1339 saevissimas
1022 1311 1174 1345 dominas,
1204 1317 1338 1339 conatum
1369 1310 1512 1339 videmus.
1539 1301 1638 1339 ¹Haud
1662 1312 1745 1340 aliter

221 1362 328 1397 miles,
348 1362 518 1391 vulneribus
543 1361 716 1398 confectus,
740 1361 818 1391 hosti
843 1363 1009 1399 oppressori
1031 1364 1205 1399 reluctatur,
1226 1363 1316 1392 donec
1341 1362 1422 1391 illum
1445 1362 1504 1391 vita
1523 1370 1589 1392 cum
1605 1363 1746 1401 sanguine

219 1414 342 1443 deserat.

262 1464 295 1493 In
319 1465 452 1494 Uraniae
475 1463 560 1493 dictis
583 1464 653 1494 falsa
672 1472 854 1502 argumenta,
875 1471 907 1494 ut
933 1465 1088 1494 meretricis
1122 1466 1191 1495 artis
1213 1473 1282 1495 suae
1305 1465 1545 1501 amentissime,
1576 1465 1646 1495 fuco
1670 1473 1744 1502 quo-

224 1517 290 1546 dam
309 1517 429 1553 eleganti
448 1517 653 1552 obducuntur,
673 1523 705 1545 ut
724 1517 781 1546 veri
803 1517 930 1553 speciem
954 1523 1113 1546 assumant.
1161 1517 1229 1546 Istis
1248 1525 1316 1546 vero
1341 1517 1470 1546 artificiis
1490 1517 1577 1547 solito
1601 1525 1744 1547 successu

222 1567 410 1603 carentibus,
431 1567 551 1605 fingitur
575 1568 734 1605 indignatio
751 1589 762 1603 ,
786 1568 959 1597 simulantur
986 1570 1145 1606 lacrymae,
1172 1569 1304 1605 quibus,
1332 1569 1370 1598 ob
1398 1568 1510 1598 facilem
1539 1568 1625 1597 nimis
1655 1569 1750 1599 victo·

227 1618 316 1654 riam,
339 1619 475 1656 abJectis‚
497 1620 587 1649 laetus
613 1627 639 1648 ct
656 1620 755 1649 hilaris
778 1621 812 1649 de
833 1620 952 1650 victoria
975 1629 1026 1650 sua
1047 1622 1158 1650 animus
1181 1621 1253 1658 Regi
1276 1621 1378 1649 misero
1401 1621 1510 1650 veniam
1535 1620 1668 1657 porrigit.

268 1672 302 1700 In
322 1670 411 1698 altero
434 1671 548 1708 dialogo
579 1671 654 1700 haud
684 1672 820 1701 minorem
852 1673 989 1703 humanae
1022 1681 1139 1704 naturae
1168 1675 1364 1711 cognitionem
1397 1674 1550 1703 declaravit
1583 1673 1749 1705 Vondelius.

230 1720 277 1750 Ad
298 1723 419 1751 crimina
437 1723 511 1752 enim
535 1725 669 1760 patranda
687 1733 745 1754 non
760 1734 819 1755 uno
852 1726 956 1762 gradu,
981 1727 1030 1755 sed
1047 1727 1168 1762 multis,
1187 1725 1292 1755 sensim
1311 1725 1478 1762 sensimque
1500 1725 1612 1755 animus
1637 1725 1752 1754 adduci-

229 1778 288 1801 tur.
328 1773 403 1802 Idem
420 1774 506 1811 igitur
520 1775 554 1803 de
575 1775 680 1805 chamo
695 1777 797 1812 valuit,
823 1786 905 1814 quem
921 1788 979 1808 non
1001 1778 1153 1808 confestim
1179 1787 1242 1807 eum
1263 1777 1408 1812 evasisse,
1435 1777 1484 1813 qui
1510 1777 1588 1805 ebrio
1613 1777 1686 1813 patri
1708 1776 1751 1805 in-

229 1824 368 1860 sultaret,
395 1834 495 1855 omnes
527 1828 679 1857 sentImus.
722 1829 817 1858 Sensit
840 1837 867 1859 et
884 1831 912 1859 id
934 1831 1032 1860 Poeta.
1072 1831 1170 1860 Finxit
1199 1829 1288 1867 igitur
1317 1829 1419 1858 chami
1447 1828 1477 1857 in
1506 1828 1646 1864 pessimae
1668 1828 1749 1857 aulae

228 1874 337 1903 vicinia
360 1883 474 1907 exactos
499 1887 589 1908 annos
611 1880 762 1916 posteriori
785 1888 812 1909 et
835 1882 957 1918 graviori
979 1883 1082 1912 delicto
1103 1882 1210 1911 sontem
1236 1881 1357 1909 dedisse.

264 1926 402 1957 ceterum
424 1928 456 1958 iu
479 1930 564 1960 hacce
588 1931 767 1969 Tragoedia,
789 1941 848 1962 non
876 1935 964 1973 magis
992 1942 1077 1972 quam
1099 1933 1130 1963 in
1149 1932 1212 1962 aliis
1233 1932 1356 1968 multis,
1377 1930 1472 1961 omnia
1491 1931 1615 1969 placent.
1654 1930 1752 1968 Ango-
