1913 2427
348 130 826 164 DISSERTATIO
889 131 1430 170 PHILOSOPHICA‘.
1618 148 1643 180 9

174 220 268 259 Quam
289 218 387 254 itaque
409 218 628 256 Philosophiam
657 219 827 248 addidicerat
857 219 973 256 Cicero,
996 221 1033 250 ob
1056 222 1131 251 vitae
1157 228 1218 251 tum
1241 223 1391 259 publicae,
1414 229 1473 251 tum
1497 222 1622 259 privatae
1631 243 1647 259 ,1

133 280 240 307 usum,
260 279 404 307 quamque
424 277 504 299 antea
532 271 702 307 reipublicae
728 271 903 306 adstrictus,
932 281 967 301 ne
989 273 1201 309 obsolesceret,
1230 275 1402 309 renovabat,
1429 283 1493 303 cum
1521 274 1644 310 licebat,

132 325 273 361 iegend03
295 323 416 350 eamdem
438 328 556 358 postea,
579 321 715 350 civilibus
735 322 828 351 turbis
851 332 865 351 a
883 331 942 360 rep.
963 331 1111 360 remotus,
1133 325 1226 353 dedita
1249 334 1335 361 opera
1357 326 1501 361 excoluit,
1525 334 1644 361 eamque

131 385 185 414 per
205 383 303 404 omnes
325 380 419 409 partes
434 394 444 409 ,
473 381 559 409 atque
586 373 679 402 omnia
700 374 844 410 membra,
871 374 1036 412 singulatim
1061 382 1088 405 et
1115 383 1245 405 accurate
1265 377 1379 406 civibus
1405 374 1466 406 suis
1490 376 1649 405 scribendo·

133 426 301 464 explicavit.

172 478 339 507 Tenendum
363 475 435 504 illud
456 476 631 512 consilium,
653 485 712 512 quo
729 476 861 513 primitus
886 476 915 505 in
938 477 1157 514 Philosophiam
1176 478 1309 507 incubuit
1332 478 1449 516 Cicero,
1471 479 1592 508 maxime
1615 478 1645 507 in

131 537 217 559 usum
237 527 440 562 Eloquentiae:
462 535 496 555 ex
516 535 576 563 quo
597 534 748 564 perspecto
772 526 855 556 facile
879 527 931 556 erit
958 528 1125 565 intcl'3ctu,
1154 539 1305 566 quamnam
1331 531 1519 567 potissimum
1545 530 1645 560 Philo·

129 580 249 617 sophiae
269 578 455 614 disciplinam
480 579 561 614 sequi
586 579 713 614 deberet,
738 599 755 614 „
771 578 877 614 eam,’'
899 579 1027 615 scilicet,
1059 601 1077 616 „
1092 589 1164 616 quae
1190 574 1300 617 peperit
1325 582 1438 611 dicendi
1463 582 1596 618 copiam,
1618 586 1648 609 et

131 653 150 669 ,‚
171 632 201 660 in
234 638 290 666 qua
318 629 453 657 dicuntur
476 637 524 664 ea,
555 638 626 665 quae
659 638 719 659 non
749 631 873 658 multum
901 631 1064 666 discrepant
1099 632 1133 660 ab
1155 632 1292 668 opinione
1315 633 1473 669 vulgari:”
1503 632 1645 670 (Parati.

129 683 285 717 Proocm.)
325 688 390 708 cum
421 679 481 714 „in
499 680 618 709 dicendo
635 681 743 717 {vitium
763 681 809 710 vel
831 681 984 711 maximum
1010 682 1066 717 sit,
1087 691 1102 710 a
1124 683 1236 720 vulgari
1258 691 1358 720 genere
1379 684 1538 718 orationis,
1559 690 1646 719 atque

124 753 152 771 Ἤ
172 743 187 762 a
203 730 410 769 consuetudine
428 732 590 760 communis
608 740 709 761 sensus
727 733 888 761 abhorrere.
899 732 917 744 ’²
938 733 993 769 (de
1011 734 1096 763 Orat.
1112 734 1125 762 I
1155 744 1178 770 3⁴
1193 735 1207 772 )
1249 754 1267 770 „
1282 734 1384 763 Mihi’'
1411 734 1527 770 inquit,
1545 734 1648 770 (Tusa.

125 786 168 823 Q„
199 785 234 816 ΙΙ,
257 784 308 820 3.)
342 801 360 816 „
378 791 486 818 semper
513 782 764 818 Peripateticorum
799 783 1024 820 Academiaeque
1059 786 1240 814 consuetudo
1268 786 1302 814 de
1337 786 1471 814 omnibus
1500 785 1585 814 rebus
1616 785 1649 813 in

123 858 154 873 .,‚
175 833 331 864 contrarias
353 841 447 869 partes
466 833 640 869 disserendi,
654 843 722 864 -non
746 835 783 864 ob
810 843 870 863 eam
894 844 1007 864 causam
1031 836 1125 864 solum
1145 836 1273 872 placuit,
1296 837 1376 872 quod
1397 837 1477 865 aliter
1498 845 1558 865 non
1578 845 1649 872 pos-

122 909 150 924 „,
171 894 232 921 set,
261 885 330 921 quid
352 884 381 912 in
405 893 520 920 quaque
544 892 573 912 re
601 885 756 914 verisimile
785 893 879 921 esset,
908 886 1048 922 inveniri,
1077 888 1126 915 sed
1149 887 1231 915 etiam
1263 889 1342 923 quod
1374 893 1452 916 esset
1474 896 1504 916 ea
1525 887 1647 916 maxima

121 959 152 975 .„
171 937 284 968 dicendi
317 935 480 964 exercitatio
504 935 540 964 :''
567 942 594 964 et
623 937 736 974 (Orat.
761 946 785 966 c.
812 940 864 973 3.)
899 958 917 972 ‚,
939 937 1032 966 fateor
1062 946 1107 966 me
1139 944 1298 973 oratorem,
1328 938 1353 967 si
1379 940 1468 967 modo
1492 939 1566 973 sim,
1595 944 1647 966 aut

118 1010 150 1027 .„
169 990 252 1018 etiam
275 987 450 1023 quicumque
471 987 546 1022 sim,
567 996 626 1016 nou
649 995 683 1016 ex
705 988 865 1017 Rhetorum
888 988 1026 1023 officinm,
1058 989 1106 1017 sed
1131 997 1164 1017 ex
1187 989 1355 1019 Academiae
1379 989 1479 1025 spatiis
1503 989 1644 1020 extitisse·

125 1060 146 1078 ,‚
166 1041 218 1068 Illa
247 1039 321 1067 enim
352 1044 420 1066 sunt
449 1038 591 1067 curricula
623 1032 827 1076 multiplicium
858 1041 1061 1076 variorumque
1089 1049 1253 1069 sermonum
1272 1061 1283 1076 ,
1327 1040 1356 1069 in
1383 1040 1490 1076 quibus
1517 1040 1647 1069 Platonis

126 1112 149 1130 ,‚
168 1093 295 1128 primum
313 1090 453 1125 impressa
475 1096 546 1119 sunt
569 1090 706 1127 vestigia:
736 1091 806 1126 sed,
828 1096 856 1119 et
877 1092 964 1128 hujus
982 1098 1009 1120 et
1032 1092 1152 1120 aliorum
1172 1092 1418 1128 philosophorum
1442 1090 1649 1127 disputationi·

129 1163 150 1180 ,‚
169 1143 245 1177 bus,
270 1147 297 1170 et
312 1141 471 1177 exagitatus
491 1142 610 1171 maxime
627 1140 723 1170 orator
741 1148 805 1177 est,
827 1149 854 1171 et
873 1143 1004 1179 adjutus:
1027 1143 1122 1172 omnis
1144 1143 1217 1172 enim
1242 1144 1375 1179 ubertas,
1404 1150 1432 1172 et
1458 1142 1541 1178 quasi
1565 1142 1650 1178 sylva

126 1214 147 1232 „
166 1193 279 1223 dicendi
308 1193 393 1220 ducta
414 1193 449 1220 ab
479 1193 538 1221 illis
561 1193 652 1222 esc-'³
689 1200 717 1222 et
751 1194 809 1230 (de
835 1195 909 1223 Fato
940 1204 955 1222 c
984 1203 1000 1223 2
1025 1197 1041 1231 )
1074 1215 1092 1230 „
1113 1203 1179 1223 cum
1210 1195 1265 1223 hoc
1295 1203 1394 1232 genere
1419 1193 1651 1229 Philosophiae,

124 1265 146 1281 2,
166 1245 246 1281 quod
267 1252 322 1272 nos
343 1244 522 1282 sequimur,
538 1253 665 1281 magnam
692 1245 776 1273 habet
798 1251 894 1274 orator
917 1246 1100 1276 societatem:
1129 1245 1315 1274 subtilitatem
1343 1245 1417 1274 enim
1441 1245 1475 1273 ab
1493 1244 1651 1275 Academia

111 1315 149 1332 „‚
169 1300 336 1329 mutuatur,
359 1300 386 1321 et
409 1294 432 1321 ei
460 1295 589 1330 vicissim
609 1296 700 1324 reddit
725 1296 881 1327 ubertatem
904 1297 1064 1330 orationis,
1085 1303 1112 1325 et
1138 1304 1301 1326 ornamenta
1325 1295 1451 1325 dicendi.
1467 1295 1486 1307 ”

163 1347 195 1375 Si
217 1352 317 1374 noster
339 1344 454 1380 itaque,
476 1351 508 1372 ut
532 1345 620 1381 fecit,
642 1355 701 1375 eam
726 1347 910 1383 potissimum
933 1347 979 1379 ob,
994 1357 1110 1378 causam
1132 1348 1339 1384 Philosophiae
1359 1356 1472 1383 operam
1496 1347 1588 1381 dedit,
1611 1351 1649 1374 ut:

125 1397 275 1428 Oratorem
297 1397 458 1431 excoleret,
486 1404 561 1426 certe
581 1400 661 1428 nulla
683 1399 735 1428 alia
755 1400 844 1436 magis
868 1400 1038 1436 disciplina,
1069 1409 1152 1436 quam
1183 1421 1201 1435 ‚,
1219 1400 1285 1427 haec
1315 1399 1489 1433 Carneadia,
1519 1404 1568 1426 aut
1597 1398 1649 1427 111ae

125 1470 147 1487 „
166 1448 335 1478 Aristotelia
350 1440 405 1476 vis*
418 1450 679 1484 comprehendenda
703 1451 808 1479 erat:”
837 1451 896 1481 (dc
923 1451 1008 1479 Orat.
1035 1451 1088 1480 ΙΙΙ.
1113 1452 1187 1488 19.)
1219 1458 1312 1485 neque
1340 1449 1413 1478 inter
1437 1456 1528 1477 cetera
1548 1449 1650 1477 Philo-

121 1500 286 1537 sophorum
310 1507 408 1535 genera
431 1506 495 1535 apta
518 1501 587 1529 satis
607 1509 656 1530 aut
681 1504 836 1539 conjuncta
858 1502 963 1531 oratori
985 1502 1216 1538 reperiebantur,
1238 1501 1318 1536 quod
1340 1501 1394 1529 sub
1419 1509 1542 1537 persona
1560 1499 1651 1530 Cras-

119 1554 149 1581 σι’
171 1557 270 1580 censet
298 1550 428 1585 Tullius,
450 1551 484 1578 (lc
508 1551 635 1581 Oratore
656 1553 707 1582 ῙΠ.
734 1555 872 1582 16—20.
899 1553 941 1582 cf.
965 1553 998 1581 dc
1023 1554 1093 1581 Firt.
1115 1553 1166 1581 lV.
1192 1562 1222 1588 9.

161 1602 318 1641 Quomodo
342 1601 423 1629 etiam
447 1610 507 1630 non
528 1604 624 1639 potuit
647 1604 695 1632 ille
716 1611 826 1639 orator,
850 1605 900 1640 qui
919 1605 948 1633 iu
973 1613 1006 1633 eo
1030 1604 1224 1640 Eloquentiae
1246 1604 1346 1632 studio
1365 1609 1483 1632 aetatem
1507 1611 1647 1632 consum-

109 1660 220 1688 serat,
248 1652 304 1688 (de
328 1652 431 1689 tfflciis
459 1655 479 1682 1.
507 1655 555 1691 1.)
587 1655 625 1683 ita
650 1656 785 1691 quidem,
817 1663 848 1684 ut
871 1656 948 1692 apud
972 1662 1106 1692 posteros
1125 1655 1223 1684 Cicero
1246 1656 1302 1692 jam
1331 1664 1391 1684 non
1414 1654 1561 1690 hominis,
1597 1654 1648 1685 scd

118 1704 320 1740 eloquentiae,
345 1712 449 1733 nomeu
474 1704 623 1734 haberetur
647 1707 775 1744 (Quint.
801 1707 873 1735 Inst.
899 1707 984 1736 Orat.
1007 1707 1045 1734 X.
1067 1707 1136 1743 1.);
1164 1707 1311 1742 quomodo
1329 1715 1387 1734 non
1417 1706 1513 1741 potuit
1539 1705 1587 1732 ille
1610 1704 1649 1735 iis,

125 1756 313 1794 potissimum
336 1754 526 1791 Philosophis
549 1766 578 1784 se
606 1758 754 1794 addicere,
785 1759 813 1787 in
836 1758 944 1794 quibus
967 1765 1021 1786 tam
1043 1758 1158 1794 gravis,
1187 1763 1243 1786 tam
1261 1764 1377 1792 ornata,
1400 1764 1453 1784 tam
1474 1756 1645 1793 splendida,

127 1810 238 1840 dicendi
262 1814 320 1837 erat
342 1808 428 1844 copia
456 1814 484 1836 et
507 1810 683 1838 exercitatio.
711 1811 767 1842 (de
788 1811 885 1838 Flnib.
911 1810 963 1839 IV.
989 1818 1006 1845 3
1026 1810 1041 1846 )
1082 1829 1099 1844 „
1120 1808 1196 1845 Quis
1222 1809 1296 1836 enim
1328 1808 1442 1836 uberior
1465 1807 1494 1836 in
1524 1808 1647 1837 dicendo

129 1881 150 1897 ,7
170 1860 315 1888 Platone?
340 1859 439 1895 Jovem
463 1860 542 1896 ajunt
563 1861 755 1898 Philosophi,
778 1862 802 1890 si
825 1869 921 1898 graece
947 1861 1104 1895 loquatur,
1126 1860 1167 1888 sic
1186 1860 1279 1895 loqui.
1320 1859 1394 1897 Quis
1413 1858 1570 1888 Aristotele
1585 1865 1649 1887 ner-

130 1932 151 1949 „
171 1911 291 1940 vosior‘?
329 1911 517 1948 Theophrasto
541 1913 675 1941 dulcior?
706 1914 865 1942 Lectitasse
890 1913 1039 1941 Plalouem
1062 1911 1209 1945 studiose,
1240 1910 1386 1939 audivisse
1410 1911 1511 1948 ctiam,
1542 1912 1650 1940 Demo-

127 1982 150 2002 „
169 1964 276 1994 sthenes
303 1962 435 2000 dicitur3
466 1962 553 2001 idque
577 1971 694 2002 apparet
721 1973 755 1995 ex
780 1973 880 2002 genere
911 1972 938 1994 et
968 1963 1123 2001 granditate
1150 1963 1314 1994 verborum.
1325 1962 1344 1976 ’'
1373 1964 1492 2002 ,(Brut.
1526 1972 1552 1993 c.
1576 1963 1649 2000 31.)

977 2015 1001 2044 B
1605 2013 1647 2045 Et
