<?xml version="1.0" encoding="UTF-8"?>
<!DOCTYPE html PUBLIC "-//W3C//DTD XHTML 1.0 Transitional//EN"
    "http://www.w3.org/TR/xhtml1/DTD/xhtml1-transitional.dtd">
<html xmlns="http://www.w3.org/1999/xhtml" xml:lang="en" lang="en">
 <head>
  <title>
</title>
<meta http-equiv="Content-Type" content="text/html;charset=utf-8" />
  <meta name='ocr-system' content='tesseract 3.04.00' />
  <meta name='ocr-capabilities' content='ocr_page ocr_carea ocr_par ocr_line ocrx_word'/>
</head>
<body>
  <div class='ocr_page' id='page_1' title='image "annalesacademiae17rijk_0342.png"; bbox 0 0 1913 2427; ppageno 0'>
   <div class='ocr_carea' id='block_1_1' title="bbox 288 130 1562 174">
    <p class='ocr_par' dir='ltr' id='par_1_1' title="bbox 288 130 1562 174">
     <span class='ocr_line' id='line_1_1' title="bbox 288 130 1562 174; baseline 0.005 -10"><span class='ocrx_word' id='word_1_1' title='bbox 288 135 334 174; x_wconf 60' lang='grc' dir='ltr'>τιή</span> <span class='ocrx_word' id='word_1_2' title='bbox 530 133 576 168; x_wconf 88' lang='grc' dir='ltr'>Η.</span> <span class='ocrx_word' id='word_1_3' title='bbox 642 134 678 166; x_wconf 90' lang='lat' dir='ltr'>C.</span> <span class='ocrx_word' id='word_1_4' title='bbox 744 130 1029 166; x_wconf 59' lang='lat' dir='ltr'>vau&#39;nen</span> <span class='ocrx_word' id='word_1_5' title='bbox 1093 135 1271 168; x_wconf 80' lang='lat' dir='ltr'>BOON</span> <span class='ocrx_word' id='word_1_6' title='bbox 1335 137 1562 171; x_wconf 83' lang='lat' dir='ltr'>MESCH</span> 
     </span>
    </p>
   </div>
   <div class='ocr_carea' id='block_1_2' title="bbox 287 211 1807 676">
    <p class='ocr_par' dir='ltr' id='par_1_2' title="bbox 287 211 1807 676">
     <span class='ocr_line' id='line_1_2' title="bbox 329 211 1807 268; baseline 0.005 -18"><span class='ocrx_word' id='word_1_7' title='bbox 329 220 474 250; x_wconf 89' lang='lat' dir='ltr'>Albumen</span> <span class='ocrx_word' id='word_1_8' title='bbox 495 220 579 250; x_wconf 86' lang='lat' dir='ltr'>etiam</span> <span class='ocrx_word' id='word_1_9' title='bbox 599 219 751 250; x_wconf 70' lang='lat' dir='ltr'>in&#39;multis</span> <span class='ocrx_word' id='word_1_10' title='bbox 777 220 883 257; x_wconf 86' lang='lat' dir='ltr'>plantis</span> <span class='ocrx_word' id='word_1_11' title='bbox 917 219 1062 255; x_wconf 79' lang='lat' dir='ltr'>occurrit,</span> <span class='ocrx_word' id='word_1_12' title='bbox 1094 211 1197 257; x_wconf 74' lang='lat' dir='ltr'>majori</span> <span class='ocrx_word' id='word_1_13' title='bbox 1221 223 1266 251; x_wconf 88' lang='lat' dir='ltr'>vel</span> <span class='ocrx_word' id='word_1_14' title='bbox 1292 222 1394 252; x_wconf 83' lang='lat' dir='ltr'>minori</span> <span class='ocrx_word' id='word_1_15' title='bbox 1414 225 1487 254; x_wconf 89' lang='lat' dir='ltr'>solis</span> <span class='ocrx_word' id='word_1_16' title='bbox 1510 226 1630 256; x_wconf 75' lang='lat' dir='ltr'>efficacIa</span> <span class='ocrx_word' id='word_1_17' title='bbox 1650 228 1729 266; x_wconf 90' lang='lat' dir='ltr'>usis;</span> <span class='ocrx_word' id='word_1_18' title='bbox 1749 217 1807 268; x_wconf 75' lang='lat' dir='ltr'>jam</span> 
     </span>
     <span class='ocr_line' id='line_1_3' title="bbox 290 271 1804 318; baseline 0.005 -16"><span class='ocrx_word' id='word_1_19' title='bbox 290 273 416 302; x_wconf 79' lang='lat' dir='ltr'>illustres</span> <span class='ocrx_word' id='word_1_20' title='bbox 440 273 650 309; x_wconf 71' lang='lat' dir='ltr'>Scheelejus-et</span> <span class='ocrx_word' id='word_1_21' title='bbox 673 273 820 309; x_wconf 77' lang='lat' dir='ltr'>Fourcroy</span> <span class='ocrx_word' id='word_1_22' title='bbox 845 271 918 300; x_wconf 88' lang='lat' dir='ltr'>hanc</span> <span class='ocrx_word' id='word_1_23' title='bbox 939 271 1081 300; x_wconf 87' lang='lat' dir='ltr'>materiem</span> <span class='ocrx_word' id='word_1_24' title='bbox 1106 272 1135 301; x_wconf 89' lang='lat' dir='ltr'>in</span> <span class='ocrx_word' id='word_1_25' title='bbox 1155 273 1355 310; x_wconf 78' lang='lat' dir='ltr'>compluribus</span> <span class='ocrx_word' id='word_1_26' title='bbox 1386 274 1554 306; x_wconf 87' lang='lat' dir='ltr'>invenerunt</span> <span class='ocrx_word' id='word_1_27' title='bbox 1578 280 1804 318; x_wconf 79' lang='lat' dir='ltr'>vegetabilibus3</span> 
     </span>
     <span class='ocr_line' id='line_1_4' title="bbox 290 322 1805 363; baseline 0.005 -9"><span class='ocrx_word' id='word_1_28' title='bbox 290 325 364 354; x_wconf 88' lang='lat' dir='ltr'>hanc</span> <span class='ocrx_word' id='word_1_29' title='bbox 387 333 454 354; x_wconf 81' lang='lat' dir='ltr'>vero</span> <span class='ocrx_word' id='word_1_30' title='bbox 478 324 541 353; x_wconf 87' lang='lat' dir='ltr'>aliis</span> <span class='ocrx_word' id='word_1_31' title='bbox 563 324 681 353; x_wconf 80' lang='lat' dir='ltr'>dotibus</span> <span class='ocrx_word' id='word_1_32' title='bbox 702 323 872 352; x_wconf 76' lang='lat' dir='ltr'>instructam</span> <span class='ocrx_word' id='word_1_33' title='bbox 894 331 958 351; x_wconf 85' lang='lat' dir='ltr'>esse</span> <span class='ocrx_word' id='word_1_34' title='bbox 976 322 1116 352; x_wconf 88' lang='lat' dir='ltr'>albumini</span> <span class='ocrx_word' id='word_1_35' title='bbox 1137 325 1285 362; x_wconf 84' lang='lat' dir='ltr'>propriis,</span> <span class='ocrx_word' id='word_1_36' title='bbox 1313 326 1377 354; x_wconf 79' lang='lat' dir='ltr'>dein</span> <span class='ocrx_word' id='word_1_37' title='bbox 1400 327 1534 363; x_wconf 87' lang='lat' dir='ltr'>probavit</span> <span class='ocrx_word' id='word_1_38' title='bbox 1552 329 1685 359; x_wconf 75' lang='lat' dir='ltr'>Rouelle.</span> <span class='ocrx_word' id='word_1_39' title='bbox 1728 331 1805 361; x_wconf 84' lang='lat' dir='ltr'>Inte-</span> 
     </span>
     <span class='ocr_line' id='line_1_5' title="bbox 289 373 1804 419; baseline 0.005 -15"><span class='ocrx_word' id='word_1_40' title='bbox 289 375 344 404; x_wconf 87' lang='lat' dir='ltr'>rim</span> <span class='ocrx_word' id='word_1_41' title='bbox 367 383 496 413; x_wconf 84' lang='lat' dir='ltr'>magnam</span> <span class='ocrx_word' id='word_1_42' title='bbox 520 375 676 403; x_wconf 73' lang='lat' dir='ltr'>albuminis</span> <span class='ocrx_word' id='word_1_43' title='bbox 698 374 810 410; x_wconf 83' lang='lat' dir='ltr'>copiam</span> <span class='ocrx_word' id='word_1_44' title='bbox 831 373 941 403; x_wconf 85' lang='lat' dir='ltr'>invenit</span> <span class='ocrx_word' id='word_1_45' title='bbox 963 374 1047 412; x_wconf 81' lang='lat'><strong>(23)</strong></span> <span class='ocrx_word' id='word_1_46' title='bbox 1072 375 1270 414; x_wconf 75' lang='lat' dir='ltr'>Vauquelinus</span> <span class='ocrx_word' id='word_1_47' title='bbox 1292 376 1322 405; x_wconf 90' lang='lat' dir='ltr'>in</span> <span class='ocrx_word' id='word_1_48' title='bbox 1347 386 1436 407; x_wconf 90' lang='lat' dir='ltr'>succo</span> <span class='ocrx_word' id='word_1_49' title='bbox 1460 379 1571 416; x_wconf 86' lang='lat' dir='ltr'>lacteo,</span> <span class='ocrx_word' id='word_1_50' title='bbox 1603 379 1735 411; x_wconf 88' lang='lat' dir='ltr'>Carricae</span> <span class='ocrx_word' id='word_1_51' title='bbox 1754 392 1804 419; x_wconf 88' lang='lat' dir='ltr'>pa-</span> 
     </span>
     <span class='ocr_line' id='line_1_6' title="bbox 291 425 1805 464; baseline 0.005 -9"><span class='ocrx_word' id='word_1_52' title='bbox 291 435 397 463; x_wconf 79' lang='lat' dir='ltr'>payae,</span> <span class='ocrx_word' id='word_1_53' title='bbox 426 427 539 463; x_wconf 85' lang='lat' dir='ltr'>plantae</span> <span class='ocrx_word' id='word_1_54' title='bbox 567 425 769 461; x_wconf 88' lang='lat' dir='ltr'>Americanae,</span> <span class='ocrx_word' id='word_1_55' title='bbox 805 431 969 462; x_wconf 78' lang='lat' dir='ltr'>tantamque</span> <span class='ocrx_word' id='word_1_56' title='bbox 1000 427 1153 457; x_wconf 87' lang='lat' dir='ltr'>albuminis</span> <span class='ocrx_word' id='word_1_57' title='bbox 1181 429 1368 464; x_wconf 76' lang='lat' dir='ltr'>quantitatem</span> <span class='ocrx_word' id='word_1_58' title='bbox 1400 431 1528 460; x_wconf 88' lang='lat' dir='ltr'>continet</span> <span class='ocrx_word' id='word_1_59' title='bbox 1557 440 1663 461; x_wconf 88' lang='lat' dir='ltr'>succus</span> <span class='ocrx_word' id='word_1_60' title='bbox 1690 432 1805 464; x_wconf 87' lang='lat' dir='ltr'>fructus</span> 
     </span>
     <span class='ocr_line' id='line_1_7' title="bbox 288 477 1805 519; baseline 0.004 -11"><span class='ocrx_word' id='word_1_61' title='bbox 288 478 404 508; x_wconf 87' lang='lat' dir='ltr'>Hibisci</span> <span class='ocrx_word' id='word_1_62' title='bbox 427 477 584 513; x_wconf 80' lang='lat' dir='ltr'><strong>esculenti,</strong></span> <span class='ocrx_word' id='word_1_63' title='bbox 615 483 649 505; x_wconf 91' lang='lat' dir='ltr'>ut</span> <span class='ocrx_word' id='word_1_64' title='bbox 668 477 832 514; x_wconf 76' lang='lat' dir='ltr'>depurando</span> <span class='ocrx_word' id='word_1_65' title='bbox 861 477 976 514; x_wconf 85' lang='lat' dir='ltr'>impuro</span> <span class='ocrx_word' id='word_1_66' title='bbox 1005 478 1132 508; x_wconf 86' lang='lat' dir='ltr'>sacchari</span> <span class='ocrx_word' id='word_1_67' title='bbox 1162 488 1270 516; x_wconf 88' lang='lat' dir='ltr'>syrupo</span> <span class='ocrx_word' id='word_1_68' title='bbox 1298 482 1447 511; x_wconf 84' lang='lat' dir='ltr'>commode</span> <span class='ocrx_word' id='word_1_69' title='bbox 1475 491 1561 519; x_wconf 85' lang='lat' dir='ltr'>posse</span> <span class='ocrx_word' id='word_1_70' title='bbox 1585 483 1724 513; x_wconf 88' lang='lat' dir='ltr'>inservire</span> <span class='ocrx_word' id='word_1_71' title='bbox 1752 485 1805 514; x_wconf 90' lang='lat' dir='ltr'>do-</span> 
     </span>
     <span class='ocr_line' id='line_1_8' title="bbox 288 528 1806 567; baseline 0.005 -9"><span class='ocrx_word' id='word_1_72' title='bbox 288 529 378 559; x_wconf 77' lang='lat' dir='ltr'>cuerit</span> <span class='ocrx_word' id='word_1_73' title='bbox 400 529 563 557; x_wconf 74' lang='lat' dir='ltr'>Clarckius.</span> <span class='ocrx_word' id='word_1_74' title='bbox 604 528 694 558; x_wconf 88' lang='lat' dir='ltr'>Porro</span> <span class='ocrx_word' id='word_1_75' title='bbox 719 528 749 558; x_wconf 90' lang='lat' dir='ltr'>in</span> <span class='ocrx_word' id='word_1_76' title='bbox 772 529 881 566; x_wconf 87' lang='lat' dir='ltr'>plantis</span> <span class='ocrx_word' id='word_1_77' title='bbox 905 528 1072 558; x_wconf 90' lang='lat' dir='ltr'>calidiorum</span> <span class='ocrx_word' id='word_1_78' title='bbox 1097 529 1246 567; x_wconf 80' lang='lat' dir='ltr'>regionum</span> <span class='ocrx_word' id='word_1_79' title='bbox 1280 531 1383 561; x_wconf 87' lang='lat' dir='ltr'>incolis</span> <span class='ocrx_word' id='word_1_80' title='bbox 1413 533 1584 563; x_wconf 86' lang='lat' dir='ltr'>invenerunt</span> <span class='ocrx_word' id='word_1_81' title='bbox 1613 535 1745 565; x_wconf 84' lang='lat' dir='ltr'>Chemici</span> <span class='ocrx_word' id='word_1_82' title='bbox 1768 535 1806 565; x_wconf 84' lang='lat' dir='ltr'>fi·</span> 
     </span>
     <span class='ocr_line' id='line_1_9' title="bbox 289 579 1802 623; baseline 0.003 -14"><span class='ocrx_word' id='word_1_83' title='bbox 289 581 399 609; x_wconf 87' lang='lat' dir='ltr'>brinam</span> <span class='ocrx_word' id='word_1_84' title='bbox 423 587 451 609; x_wconf 88' lang='lat' dir='ltr'>et</span> <span class='ocrx_word' id='word_1_85' title='bbox 476 579 646 617; x_wconf 65' lang='lat' dir='ltr'>gelatinamg,</span> <span class='ocrx_word' id='word_1_86' title='bbox 675 580 748 609; x_wconf 90' lang='lat' dir='ltr'>hanc</span> <span class='ocrx_word' id='word_1_87' title='bbox 771 581 845 610; x_wconf 79' lang='lat' dir='ltr'>enim</span> <span class='ocrx_word' id='word_1_88' title='bbox 871 580 1071 620; x_wconf 70' lang='lat' dir='ltr'>Vauquelinus</span> <span class='ocrx_word' id='word_1_89' title='bbox 1096 587 1123 609; x_wconf 88' lang='lat' dir='ltr'>et</span> <span class='ocrx_word' id='word_1_90' title='bbox 1145 582 1324 611; x_wconf 61' lang='lat' dir='ltr'>Fourcroins‘</span> <span class='ocrx_word' id='word_1_91' title='bbox 1341 584 1507 613; x_wconf 85' lang='lat' dir='ltr'>detexerunt</span> <span class='ocrx_word' id='word_1_92' title='bbox 1529 585 1559 614; x_wconf 89' lang='lat' dir='ltr'>in</span> <span class='ocrx_word' id='word_1_93' title='bbox 1578 587 1688 623; x_wconf 82' lang='lat' dir='ltr'><strong>polline</strong></span> <span class='ocrx_word' id='word_1_94' title='bbox 1710 587 1802 618; x_wconf 76' lang='lat' dir='ltr'>Phoe-</span> 
     </span>
     <span class='ocr_line' id='line_1_10' title="bbox 287 631 1601 676; baseline 0.005 -14"><span class='ocrx_word' id='word_1_95' title='bbox 287 631 362 662; x_wconf 84' lang='lat' dir='ltr'>nicis</span> <span class='ocrx_word' id='word_1_96' title='bbox 384 631 586 669; x_wconf 80' lang='lat' dir='ltr'>Dactiliferae,</span> <span class='ocrx_word' id='word_1_97' title='bbox 607 632 685 662; x_wconf 85' lang='lat' dir='ltr'>illam</span> <span class='ocrx_word' id='word_1_98' title='bbox 708 632 907 671; x_wconf 74' lang='lat' dir='ltr'>Vauquelinus</span> <span class='ocrx_word' id='word_1_99' title='bbox 924 634 954 663; x_wconf 91' lang='lat' dir='ltr'>in</span> <span class='ocrx_word' id='word_1_100' title='bbox 975 633 1072 663; x_wconf 88' lang='lat' dir='ltr'>eodem</span> <span class='ocrx_word' id='word_1_101' title='bbox 1098 642 1188 664; x_wconf 87' lang='lat' dir='ltr'>succo</span> <span class='ocrx_word' id='word_1_102' title='bbox 1211 635 1342 666; x_wconf 87' lang='lat' dir='ltr'>Carricae</span> <span class='ocrx_word' id='word_1_103' title='bbox 1362 635 1490 674; x_wconf 70' lang='lat' dir='ltr'>Papayae</span> <span class='ocrx_word' id='word_1_104' title='bbox 1506 637 1601 676; x_wconf 82' lang='lat'><em>(24).</em></span> 
     </span>
    </p>
   </div>
   <div class='ocr_carea' id='block_1_3' title="bbox 975 740 1098 776">
    <p class='ocr_par' dir='ltr' id='par_1_3' title="bbox 975 740 1098 776">
     <span class='ocr_line' id='line_1_11' title="bbox 975 740 1098 776; baseline 0.016 -9"><span class='ocrx_word' id='word_1_105' title='bbox 975 740 1009 776; x_wconf 69' lang='lat'>§-</span> <span class='ocrx_word' id='word_1_106' title='bbox 1051 748 1098 776; x_wconf 81' lang='lat'>13.</span> 
     </span>
    </p>
   </div>
   <div class='ocr_carea' id='block_1_4' title="bbox 283 830 1810 1543">
    <p class='ocr_par' dir='ltr' id='par_1_4' title="bbox 283 830 1810 1543">
     <span class='ocr_line' id='line_1_12' title="bbox 325 830 1799 880; baseline 0.001 -11"><span class='ocrx_word' id='word_1_107' title='bbox 325 839 494 875; x_wconf 83' lang='lat' dir='ltr'>Amylaceae</span> <span class='ocrx_word' id='word_1_108' title='bbox 514 840 664 876; x_wconf 87' lang='lat' dir='ltr'>materiae,</span> <span class='ocrx_word' id='word_1_109' title='bbox 693 847 766 876; x_wconf 86' lang='lat' dir='ltr'>quae</span> <span class='ocrx_word' id='word_1_110' title='bbox 788 840 818 869; x_wconf 87' lang='lat' dir='ltr'>in</span> <span class='ocrx_word' id='word_1_111' title='bbox 840 838 952 869; x_wconf 86' lang='lat' dir='ltr'>intimis</span> <span class='ocrx_word' id='word_1_112' title='bbox 976 840 1180 879; x_wconf 82' lang='lat' dir='ltr'><strong>vegetabilium</strong></span> <span class='ocrx_word' id='word_1_113' title='bbox 1204 840 1289 877; x_wconf 80' lang='lat' dir='ltr'>quasi</span> <span class='ocrx_word' id='word_1_114' title='bbox 1312 839 1433 871; x_wconf 89' lang='lat' dir='ltr'>cellariis</span> <span class='ocrx_word' id='word_1_115' title='bbox 1462 846 1580 878; x_wconf 86' lang='lat' dir='ltr'>paratur</span> <span class='ocrx_word' id='word_1_116' title='bbox 1599 847 1628 870; x_wconf 87' lang='lat' dir='ltr'>et</span> <span class='ocrx_word' id='word_1_117' title='bbox 1654 830 1799 880; x_wconf 80' lang='lat' dir='ltr'>servatur,</span> 
     </span>
     <span class='ocr_line' id='line_1_13' title="bbox 286 889 1806 931; baseline 0.003 -13"><span class='ocrx_word' id='word_1_118' title='bbox 286 895 320 918; x_wconf 84' lang='lat' dir='ltr'>ut</span> <span class='ocrx_word' id='word_1_119' title='bbox 341 889 453 919; x_wconf 85' lang='lat' dir='ltr'>futurae</span> <span class='ocrx_word' id='word_1_120' title='bbox 470 891 617 927; x_wconf 88' lang='lat' dir='ltr'>plantulac</span> <span class='ocrx_word' id='word_1_121' title='bbox 642 896 781 919; x_wconf 85' lang='lat' dir='ltr'>constans</span> <span class='ocrx_word' id='word_1_122' title='bbox 806 897 833 919; x_wconf 87' lang='lat' dir='ltr'>et</span> <span class='ocrx_word' id='word_1_123' title='bbox 857 891 998 927; x_wconf 88' lang='lat' dir='ltr'>optimum</span> <span class='ocrx_word' id='word_1_124' title='bbox 1020 893 1152 929; x_wconf 87' lang='lat' dir='ltr'>praebeat</span> <span class='ocrx_word' id='word_1_125' title='bbox 1173 894 1402 929; x_wconf 81' lang='lat' dir='ltr'>nutrimentum,</span> <span class='ocrx_word' id='word_1_126' title='bbox 1431 894 1507 931; x_wconf 88' lang='lat' dir='ltr'>larga</span> <span class='ocrx_word' id='word_1_127' title='bbox 1530 893 1614 930; x_wconf 88' lang='lat' dir='ltr'>copia</span> <span class='ocrx_word' id='word_1_128' title='bbox 1637 890 1806 922; x_wconf 71' lang='lat' dir='ltr'>continetur</span> 
     </span>
     <span class='ocr_line' id='line_1_14' title="bbox 285 940 1804 980; baseline 0.002 -12"><span class='ocrx_word' id='word_1_129' title='bbox 285 940 316 968; x_wconf 84' lang='lat' dir='ltr'>in</span> <span class='ocrx_word' id='word_1_130' title='bbox 340 941 498 970; x_wconf 85' lang='lat' dir='ltr'>seminibus</span> <span class='ocrx_word' id='word_1_131' title='bbox 519 941 708 977; x_wconf 72' lang='lat' dir='ltr'>Cerealibus,</span> <span class='ocrx_word' id='word_1_132' title='bbox 730 947 762 969; x_wconf 90' lang='lat' dir='ltr'>ut</span> <span class='ocrx_word' id='word_1_133' title='bbox 778 947 805 970; x_wconf 90' lang='lat' dir='ltr'>et</span> <span class='ocrx_word' id='word_1_134' title='bbox 821 941 851 970; x_wconf 90' lang='lat' dir='ltr'>in</span> <span class='ocrx_word' id='word_1_135' title='bbox 867 943 1028 977; x_wconf 85' lang='lat' dir='ltr'>plantarum</span> <span class='ocrx_word' id='word_1_136' title='bbox 1052 943 1214 980; x_wconf 76' lang='lat' dir='ltr'>radicibus,</span> <span class='ocrx_word' id='word_1_137' title='bbox 1233 943 1354 978; x_wconf 79' lang='lat' dir='ltr'>bulbis,</span> <span class='ocrx_word' id='word_1_138' title='bbox 1376 943 1548 979; x_wconf 82' lang='lat' dir='ltr'>tuberibus,</span> <span class='ocrx_word' id='word_1_139' title='bbox 1569 950 1597 972; x_wconf 88' lang='lat' dir='ltr'>et</span> <span class='ocrx_word' id='word_1_140' title='bbox 1619 944 1649 972; x_wconf 84' lang='lat' dir='ltr'>in</span> <span class='ocrx_word' id='word_1_141' title='bbox 1666 943 1707 972; x_wconf 85' lang='lat' dir='ltr'>ita</span> <span class='ocrx_word' id='word_1_142' title='bbox 1726 943 1804 971; x_wconf 79' lang='lat' dir='ltr'>dicta</span> 
     </span>
     <span class='ocr_line' id='line_1_15' title="bbox 290 991 1805 1032; baseline 0.003 -14"><span class='ocrx_word' id='word_1_143' title='bbox 290 991 422 1019; x_wconf 79' lang='lat' dir='ltr'>arborum</span> <span class='ocrx_word' id='word_1_144' title='bbox 447 992 571 1021; x_wconf 85' lang='lat' dir='ltr'><strong>medulla</strong></span> <span class='ocrx_word' id='word_1_145' title='bbox 599 999 666 1020; x_wconf 91' lang='lat' dir='ltr'>cum</span> <span class='ocrx_word' id='word_1_146' title='bbox 690 992 777 1020; x_wconf 85' lang='lat' dir='ltr'>variis</span> <span class='ocrx_word' id='word_1_147' title='bbox 801 993 926 1020; x_wconf 72' lang='lat' dir='ltr'>materiis</span> <span class='ocrx_word' id='word_1_148' title='bbox 954 995 1109 1030; x_wconf 76' lang='lat' dir='ltr'>conjuncta</span> <span class='ocrx_word' id='word_1_149' title='bbox 1138 997 1184 1022; x_wconf 89' lang='lat' dir='ltr'>vel</span> <span class='ocrx_word' id='word_1_150' title='bbox 1212 996 1300 1023; x_wconf 82' lang='lat' dir='ltr'>mixta</span> <span class='ocrx_word' id='word_1_151' title='bbox 1330 994 1457 1023; x_wconf 86' lang='lat' dir='ltr'>occurrit</span> <span class='ocrx_word' id='word_1_152' title='bbox 1485 996 1567 1032; x_wconf 85' lang='lat'><strong>(25)</strong></span> <span class='ocrx_word' id='word_1_153' title='bbox 1625 993 1671 1022; x_wconf 84' lang='lat' dir='ltr'>Sic</span> <span class='ocrx_word' id='word_1_154' title='bbox 1701 994 1732 1022; x_wconf 89' lang='lat' dir='ltr'>in</span> <span class='ocrx_word' id='word_1_155' title='bbox 1757 1001 1805 1022; x_wconf 80' lang='lat' dir='ltr'>se-</span> 
     </span>
     <span class='ocr_line' id='line_1_16' title="bbox 289 1041 1804 1081; baseline 0.001 -11"><span class='ocrx_word' id='word_1_156' title='bbox 289 1041 417 1071; x_wconf 81' lang='lat' dir='ltr'>minibus</span> <span class='ocrx_word' id='word_1_157' title='bbox 433 1052 499 1071; x_wconf 87' lang='lat' dir='ltr'>cum</span> <span class='ocrx_word' id='word_1_158' title='bbox 515 1043 646 1079; x_wconf 85' lang='lat' dir='ltr'>glutine,</span> <span class='ocrx_word' id='word_1_159' title='bbox 668 1043 936 1080; x_wconf 77' lang='lat' dir='ltr'>muco-saccharo,</span> <span class='ocrx_word' id='word_1_160' title='bbox 959 1045 1040 1080; x_wconf 87' lang='lat' dir='ltr'>oleo,</span> <span class='ocrx_word' id='word_1_161' title='bbox 1063 1044 1093 1073; x_wconf 86' lang='lat' dir='ltr'>in</span> <span class='ocrx_word' id='word_1_162' title='bbox 1107 1044 1204 1074; x_wconf 89' lang='lat' dir='ltr'>bulbis</span> <span class='ocrx_word' id='word_1_163' title='bbox 1217 1052 1245 1074; x_wconf 89' lang='lat' dir='ltr'>et</span> <span class='ocrx_word' id='word_1_164' title='bbox 1257 1044 1401 1074; x_wconf 70' lang='lat' dir='ltr'>radicibus</span> <span class='ocrx_word' id='word_1_165' title='bbox 1418 1053 1482 1073; x_wconf 89' lang='lat' dir='ltr'>cum</span> <span class='ocrx_word' id='word_1_166' title='bbox 1497 1044 1677 1081; x_wconf 86' lang='lat' dir='ltr'>mucilagine.</span> <span class='ocrx_word' id='word_1_167' title='bbox 1711 1043 1804 1080; x_wconf 85' lang='lat' dir='ltr'>Amy-</span> 
     </span>
     <span class='ocr_line' id='line_1_17' title="bbox 286 1093 1806 1133; baseline 0.001 -11"><span class='ocrx_word' id='word_1_168' title='bbox 286 1095 348 1123; x_wconf 89' lang='lat' dir='ltr'>lum</span> <span class='ocrx_word' id='word_1_169' title='bbox 366 1093 475 1131; x_wconf 82' lang='lat' dir='ltr'>profert</span> <span class='ocrx_word' id='word_1_170' title='bbox 501 1094 594 1123; x_wconf 90' lang='lat' dir='ltr'>omnis</span> <span class='ocrx_word' id='word_1_171' title='bbox 613 1094 708 1131; x_wconf 82' lang='lat' dir='ltr'>regio,</span> <span class='ocrx_word' id='word_1_172' title='bbox 731 1101 759 1122; x_wconf 89' lang='lat' dir='ltr'>et</span> <span class='ocrx_word' id='word_1_173' title='bbox 775 1094 900 1124; x_wconf 86' lang='lat' dir='ltr'>Borealis</span> <span class='ocrx_word' id='word_1_174' title='bbox 924 1102 952 1124; x_wconf 86' lang='lat' dir='ltr'>et</span> <span class='ocrx_word' id='word_1_175' title='bbox 975 1095 1194 1133; x_wconf 83' lang='lat' dir='ltr'>Meridionalis;</span> <span class='ocrx_word' id='word_1_176' title='bbox 1227 1102 1333 1132; x_wconf 84' lang='lat' dir='ltr'>quanta</span> <span class='ocrx_word' id='word_1_177' title='bbox 1364 1095 1451 1132; x_wconf 85' lang='lat' dir='ltr'>am&#39;yli</span> <span class='ocrx_word' id='word_1_178' title='bbox 1483 1095 1568 1132; x_wconf 86' lang='lat' dir='ltr'>copia</span> <span class='ocrx_word' id='word_1_179' title='bbox 1600 1095 1707 1131; x_wconf 86' lang='lat' dir='ltr'>repleta</span> <span class='ocrx_word' id='word_1_180' title='bbox 1735 1100 1806 1124; x_wconf 87' lang='lat' dir='ltr'>sunt</span> 
     </span>
     <span class='ocr_line' id='line_1_18' title="bbox 283 1145 1805 1186; baseline 0.002 -13"><span class='ocrx_word' id='word_1_181' title='bbox 283 1145 435 1180; x_wconf 83' lang='lat' dir='ltr'>triticum,</span> <span class='ocrx_word' id='word_1_182' title='bbox 456 1146 566 1180; x_wconf 87' lang='lat' dir='ltr'>secale,</span> <span class='ocrx_word' id='word_1_183' title='bbox 589 1145 870 1180; x_wconf 75' lang='lat' dir='ltr'>solam—tuberosa,</span> <span class='ocrx_word' id='word_1_184' title='bbox 898 1145 928 1174; x_wconf 91' lang='lat' dir='ltr'>in</span> <span class='ocrx_word' id='word_1_185' title='bbox 953 1146 1121 1177; x_wconf 89' lang='lat' dir='ltr'>Borealibus</span> <span class='ocrx_word' id='word_1_186' title='bbox 1145 1148 1238 1186; x_wconf 86' lang='lat' dir='ltr'>plagis</span> <span class='ocrx_word' id='word_1_187' title='bbox 1265 1148 1415 1177; x_wconf 83' lang='lat' dir='ltr'>luxuriose</span> <span class='ocrx_word' id='word_1_188' title='bbox 1438 1149 1538 1183; x_wconf 85' lang='lat' dir='ltr'>culta,</span> <span class='ocrx_word' id='word_1_189' title='bbox 1561 1147 1637 1177; x_wconf 88' lang='lat' dir='ltr'>haud</span> <span class='ocrx_word' id='word_1_190' title='bbox 1658 1155 1721 1177; x_wconf 88' lang='lat' dir='ltr'>raro</span> <span class='ocrx_word' id='word_1_191' title='bbox 1739 1147 1805 1176; x_wconf 89' lang='lat' dir='ltr'>reli-</span> 
     </span>
     <span class='ocr_line' id='line_1_19' title="bbox 283 1196 1805 1236; baseline 0.002 -11"><span class='ocrx_word' id='word_1_192' title='bbox 283 1197 354 1233; x_wconf 88' lang='lat' dir='ltr'>quis</span> <span class='ocrx_word' id='word_1_193' title='bbox 381 1196 603 1233; x_wconf 84' lang='lat' dir='ltr'>praestantiora!</span> <span class='ocrx_word' id='word_1_194' title='bbox 647 1196 777 1231; x_wconf 84' lang='lat' dir='ltr'>Contra,</span> <span class='ocrx_word' id='word_1_195' title='bbox 807 1204 947 1232; x_wconf 84' lang='lat' dir='ltr'>quantum</span> <span class='ocrx_word' id='word_1_196' title='bbox 970 1199 1057 1236; x_wconf 86' lang='lat' dir='ltr'>amyli</span> <span class='ocrx_word' id='word_1_197' title='bbox 1078 1199 1215 1236; x_wconf 87' lang='lat' dir='ltr'>praebent</span> <span class='ocrx_word' id='word_1_198' title='bbox 1241 1199 1349 1229; x_wconf 88' lang='lat' dir='ltr'>radices</span> <span class='ocrx_word' id='word_1_199' title='bbox 1377 1198 1515 1227; x_wconf 83' lang='lat' dir='ltr'>Orchidis</span> <span class='ocrx_word' id='word_1_200' title='bbox 1537 1199 1697 1235; x_wconf 88' lang='lat' dir='ltr'>masculae,</span> <span class='ocrx_word' id='word_1_201' title='bbox 1725 1198 1805 1228; x_wconf 89' lang='lat' dir='ltr'>bifo-</span> 
     </span>
     <span class='ocr_line' id='line_1_20' title="bbox 284 1247 1802 1286; baseline 0.002 -10"><span class='ocrx_word' id='word_1_202' title='bbox 284 1247 361 1282; x_wconf 88' lang='lat' dir='ltr'>liae,</span> <span class='ocrx_word' id='word_1_203' title='bbox 390 1247 573 1284; x_wconf 86' lang='lat' dir='ltr'>pyramidalis</span> <span class='ocrx_word' id='word_1_204' title='bbox 591 1267 601 1282; x_wconf 89' lang='lat'>,</span> <span class='ocrx_word' id='word_1_205' title='bbox 632 1253 772 1283; x_wconf 89' lang='lat' dir='ltr'>quantum</span> <span class='ocrx_word' id='word_1_206' title='bbox 803 1249 942 1278; x_wconf 86' lang='lat' dir='ltr'>medullae</span> <span class='ocrx_word' id='word_1_207' title='bbox 972 1251 1084 1280; x_wconf 84' lang='lat' dir='ltr'>Palmae</span> <span class='ocrx_word' id='word_1_208' title='bbox 1117 1250 1282 1286; x_wconf 84' lang='lat' dir='ltr'>farinariae,</span> <span class='ocrx_word' id='word_1_209' title='bbox 1306 1258 1335 1280; x_wconf 89' lang='lat' dir='ltr'>et</span> <span class='ocrx_word' id='word_1_210' title='bbox 1362 1259 1468 1280; x_wconf 85' lang='lat' dir='ltr'>succus</span> <span class='ocrx_word' id='word_1_211' title='bbox 1495 1256 1651 1279; x_wconf 85' lang='lat' dir='ltr'>venenatus</span> <span class='ocrx_word' id='word_1_212' title='bbox 1674 1250 1802 1279; x_wconf 89' lang='lat' dir='ltr'>radicum</span> 
     </span>
     <span class='ocr_line' id='line_1_21' title="bbox 285 1296 1808 1344; baseline 0.003 -18"><span class='ocrx_word' id='word_1_213' title='bbox 285 1296 435 1334; x_wconf 86' lang='lat' dir='ltr'>Iatrophae</span> <span class='ocrx_word' id='word_1_214' title='bbox 453 1298 593 1327; x_wconf 85' lang='lat' dir='ltr'>Manihoc</span> <span class='ocrx_word' id='word_1_215' title='bbox 607 1318 618 1334; x_wconf 93' lang='lat'>,</span> <span class='ocrx_word' id='word_1_216' title='bbox 647 1306 681 1327; x_wconf 85' lang='lat' dir='ltr'>ex</span> <span class='ocrx_word' id='word_1_217' title='bbox 706 1307 765 1334; x_wconf 82' lang='lat' dir='ltr'>quo</span> <span class='ocrx_word' id='word_1_218' title='bbox 785 1307 885 1335; x_wconf 86' lang='lat' dir='ltr'>panem</span> <span class='ocrx_word' id='word_1_219' title='bbox 915 1301 1074 1330; x_wconf 90' lang='lat' dir='ltr'>conficiunt</span> <span class='ocrx_word' id='word_1_220' title='bbox 1104 1301 1279 1332; x_wconf 80' lang='lat' dir='ltr'>Americani.</span> <span class='ocrx_word' id='word_1_221' title='bbox 1330 1301 1373 1331; x_wconf 84' lang='lat' dir='ltr'>Ut</span> <span class='ocrx_word' id='word_1_222' title='bbox 1391 1309 1461 1330; x_wconf 88' lang='lat' dir='ltr'>vero</span> <span class='ocrx_word' id='word_1_223' title='bbox 1483 1305 1678 1337; x_wconf 86' lang='lat' dir='ltr'>caeterorum,</span> <span class='ocrx_word' id='word_1_224' title='bbox 1695 1301 1750 1344; x_wconf 58' lang='grc' dir='ltr'>εἰς</span> <span class='ocrx_word' id='word_1_225' title='bbox 1774 1307 1808 1342; x_wconf 74' lang='lat' dir='ltr'>et¹</span> 
     </span>
     <span class='ocr_line' id='line_1_22' title="bbox 284 1347 1804 1390; baseline 0.005 -14"><span class='ocrx_word' id='word_1_226' title='bbox 284 1349 373 1385; x_wconf 80' lang='lat' dir='ltr'>hujus</span> <span class='ocrx_word' id='word_1_227' title='bbox 395 1348 530 1385; x_wconf 88' lang='lat' dir='ltr'>principii</span> <span class='ocrx_word' id='word_1_228' title='bbox 562 1357 622 1377; x_wconf 90' lang='lat' dir='ltr'>non</span> <span class='ocrx_word' id='word_1_229' title='bbox 645 1357 732 1378; x_wconf 87' lang='lat' dir='ltr'>unam</span> <span class='ocrx_word' id='word_1_230' title='bbox 762 1350 812 1378; x_wconf 86' lang='lat' dir='ltr'>sed</span> <span class='ocrx_word' id='word_1_231' title='bbox 843 1351 982 1386; x_wconf 90' lang='lat' dir='ltr'>plurimas</span> <span class='ocrx_word' id='word_1_232' title='bbox 1007 1353 1116 1389; x_wconf 80' lang='lat' dir='ltr'>species</span> <span class='ocrx_word' id='word_1_233' title='bbox 1146 1353 1240 1390; x_wconf 85' lang='lat' dir='ltr'>gignit</span> <span class='ocrx_word' id='word_1_234' title='bbox 1267 1360 1378 1382; x_wconf 88' lang='lat' dir='ltr'>natura.</span> <span class='ocrx_word' id='word_1_235' title='bbox 1426 1351 1548 1381; x_wconf 86' lang='lat' dir='ltr'>Videtur</span> <span class='ocrx_word' id='word_1_236' title='bbox 1575 1353 1651 1381; x_wconf 88' lang='lat' dir='ltr'>enim</span> <span class='ocrx_word' id='word_1_237' title='bbox 1676 1347 1804 1390; x_wconf 68' lang='lat' dir='ltr'>amylum</span> 
     </span>
     <span class='ocr_line' id='line_1_23' title="bbox 285 1400 1810 1441; baseline 0.003 -12"><span class='ocrx_word' id='word_1_238' title='bbox 285 1401 440 1430; x_wconf 89' lang='lat' dir='ltr'>calidarum</span> <span class='ocrx_word' id='word_1_239' title='bbox 466 1400 617 1437; x_wconf 86' lang='lat' dir='ltr'>regionum</span> <span class='ocrx_word' id='word_1_240' title='bbox 649 1400 739 1438; x_wconf 80' lang='lat' dir='ltr'>magis</span> <span class='ocrx_word' id='word_1_241' title='bbox 763 1402 894 1430; x_wconf 84' lang='lat' dir='ltr'>accedere</span> <span class='ocrx_word' id='word_1_242' title='bbox 915 1403 950 1431; x_wconf 85' lang='lat' dir='ltr'>ad</span> <span class='ocrx_word' id='word_1_243' title='bbox 977 1404 1177 1441; x_wconf 82' lang='lat' dir='ltr'>mucilaginem</span> <span class='ocrx_word' id='word_1_244' title='bbox 1203 1411 1230 1433; x_wconf 90' lang='lat' dir='ltr'>et</span> <span class='ocrx_word' id='word_1_245' title='bbox 1253 1405 1368 1434; x_wconf 87' lang='lat' dir='ltr'>facilius</span> <span class='ocrx_word' id='word_1_246' title='bbox 1394 1404 1424 1433; x_wconf 87' lang='lat' dir='ltr'>in</span> <span class='ocrx_word' id='word_1_247' title='bbox 1454 1412 1528 1440; x_wconf 87' lang='lat' dir='ltr'>aqua</span> <span class='ocrx_word' id='word_1_248' title='bbox 1553 1403 1654 1433; x_wconf 81' lang='lat' dir='ltr'>solvi:</span> <span class='ocrx_word' id='word_1_249' title='bbox 1682 1401 1810 1433; x_wconf 82' lang='lat' dir='ltr'>efficitne&#39;</span> 
     </span>
     <span class='ocr_line' id='line_1_24' title="bbox 285 1451 1802 1491; baseline 0.002 -11"><span class='ocrx_word' id='word_1_250' title='bbox 285 1452 359 1481; x_wconf 85' lang='lat' dir='ltr'>hanc</span> <span class='ocrx_word' id='word_1_251' title='bbox 377 1451 562 1480; x_wconf 81' lang='lat' dir='ltr'>mutationem</span> <span class='ocrx_word' id='word_1_252' title='bbox 586 1451 726 1480; x_wconf 75' lang='lat' dir='ltr'>efficacius</span> <span class='ocrx_word' id='word_1_253' title='bbox 749 1452 820 1481; x_wconf 92' lang='lat' dir='ltr'>solis</span> <span class='ocrx_word' id='word_1_254' title='bbox 839 1452 1071 1483; x_wconf 71' lang='lat' dir='ltr'>irritamentum?</span> <span class='ocrx_word' id='word_1_255' title='bbox 1101 1461 1198 1491; x_wconf 89' lang='lat' dir='ltr'>potest</span> <span class='ocrx_word' id='word_1_256' title='bbox 1219 1456 1343 1491; x_wconf 78' lang='lat' dir='ltr'>efficere3</span> <span class='ocrx_word' id='word_1_257' title='bbox 1373 1463 1437 1484; x_wconf 89' lang='lat' dir='ltr'>nam</span> <span class='ocrx_word' id='word_1_258' title='bbox 1462 1454 1622 1483; x_wconf 83' lang='lat' dir='ltr'>Cerealium</span> <span class='ocrx_word' id='word_1_259' title='bbox 1645 1454 1751 1483; x_wconf 85' lang='lat' dir='ltr'>semina</span> <span class='ocrx_word' id='word_1_260' title='bbox 1773 1460 1802 1483; x_wconf 90' lang='lat' dir='ltr'>et</span> 
     </span>
     <span class='ocr_line' id='line_1_25' title="bbox 285 1502 1803 1543; baseline 0.002 -11"><span class='ocrx_word' id='word_1_261' title='bbox 285 1502 353 1532; x_wconf 81' lang='lat' dir='ltr'>Pisa</span> <span class='ocrx_word' id='word_1_262' title='bbox 370 1510 398 1532; x_wconf 85' lang='lat' dir='ltr'>et</span> <span class='ocrx_word' id='word_1_263' title='bbox 415 1503 524 1540; x_wconf 84' lang='lat' dir='ltr'>Fabae,</span> <span class='ocrx_word' id='word_1_264' title='bbox 546 1503 614 1531; x_wconf 89' lang='lat' dir='ltr'>dum</span> <span class='ocrx_word' id='word_1_265' title='bbox 632 1503 809 1540; x_wconf 83' lang='lat' dir='ltr'>germinant,</span> <span class='ocrx_word' id='word_1_266' title='bbox 831 1504 1022 1541; x_wconf 84' lang='lat' dir='ltr'>dulcescunt,</span> <span class='ocrx_word' id='word_1_267' title='bbox 1042 1512 1070 1534; x_wconf 90' lang='lat' dir='ltr'>et</span> <span class='ocrx_word' id='word_1_268' title='bbox 1089 1506 1175 1535; x_wconf 87' lang='lat' dir='ltr'>simul</span> <span class='ocrx_word' id='word_1_269' title='bbox 1196 1506 1430 1543; x_wconf 87' lang='lat' dir='ltr'>mucilaginosam</span> <span class='ocrx_word' id='word_1_270' title='bbox 1449 1505 1572 1535; x_wconf 87' lang='lat' dir='ltr'>indolem</span> <span class='ocrx_word' id='word_1_271' title='bbox 1589 1505 1679 1542; x_wconf 89' lang='lat' dir='ltr'>magis</span> <span class='ocrx_word' id='word_1_272' title='bbox 1697 1505 1803 1542; x_wconf 87' lang='lat' dir='ltr'>magis-</span> 
     </span>
    </p>
   </div>
   <div class='ocr_carea' id='block_1_5' title="bbox 285 1547 1879 1607">
    <p class='ocr_par' dir='ltr' id='par_1_5' title="bbox 285 1547 1879 1607">
     <span class='ocr_line' id='line_1_26' title="bbox 285 1547 1879 1607; baseline 0.003 -25"><span class='ocrx_word' id='word_1_273' title='bbox 285 1562 344 1590; x_wconf 80' lang='lat' dir='ltr'>que</span> <span class='ocrx_word' id='word_1_274' title='bbox 367 1554 507 1590; x_wconf 77' lang='lat' dir='ltr'>induunt3</span> <span class='ocrx_word' id='word_1_275' title='bbox 535 1554 648 1583; x_wconf 89' lang='lat' dir='ltr'>interim</span> <span class='ocrx_word' id='word_1_276' title='bbox 669 1555 716 1582; x_wconf 87' lang='lat' dir='ltr'>hic</span> <span class='ocrx_word' id='word_1_277' title='bbox 743 1556 955 1584; x_wconf 80' lang='lat' dir='ltr'>memorandum</span> <span class='ocrx_word' id='word_1_278' title='bbox 977 1563 1040 1592; x_wconf 88' lang='lat' dir='ltr'>est,</span> <span class='ocrx_word' id='word_1_279' title='bbox 1073 1556 1177 1586; x_wconf 89' lang='lat' dir='ltr'>Solana</span> <span class='ocrx_word' id='word_1_280' title='bbox 1196 1557 1333 1586; x_wconf 86' lang='lat' dir='ltr'>tuberosa</span> <span class='ocrx_word' id='word_1_281' title='bbox 1357 1558 1423 1593; x_wconf 84' lang='lat' dir='ltr'>gelu</span> <span class='ocrx_word' id='word_1_282' title='bbox 1446 1556 1545 1596; x_wconf 74' lang='lat' dir='ltr'>affecta</span> <span class='ocrx_word' id='word_1_283' title='bbox 1568 1554 1705 1593; x_wconf 81' lang='lat' dir='ltr'>ingratam</span> <span class='ocrx_word' id='word_1_284' title='bbox 1732 1548 1812 1586; x_wconf 79' lang='lat' dir='ltr'>con-¹</span> <span class='ocrx_word' id='word_1_285' title='bbox 1852 1547 1879 1607; x_wconf 62' lang='grc' dir='ltr'>ἷῖ,</span> 
     </span>
    </p>
   </div>
   <div class='ocr_carea' id='block_1_6' title="bbox 282 1606 1811 1739">
    <p class='ocr_par' dir='ltr' id='par_1_6' title="bbox 282 1606 1811 1739">
     <span class='ocr_line' id='line_1_27' title="bbox 285 1606 1811 1650; baseline 0.001 -16"><span class='ocrx_word' id='word_1_286' title='bbox 285 1607 393 1635; x_wconf 66' lang='lat' dir='ltr'>trahere</span> <span class='ocrx_word' id='word_1_287' title='bbox 410 1606 608 1643; x_wconf 85' lang='lat' dir='ltr'>dulcedinem,</span> <span class='ocrx_word' id='word_1_288' title='bbox 634 1612 662 1635; x_wconf 91' lang='lat' dir='ltr'>et</span> <span class='ocrx_word' id='word_1_289' title='bbox 683 1607 790 1635; x_wconf 88' lang='lat' dir='ltr'>semina</span> <span class='ocrx_word' id='word_1_290' title='bbox 812 1607 900 1636; x_wconf 81' lang='lat' dir='ltr'>Zaeae</span> <span class='ocrx_word' id='word_1_291' title='bbox 919 1607 1023 1644; x_wconf 82' lang='lat' dir='ltr'>Mays,</span> <span class='ocrx_word' id='word_1_292' title='bbox 1045 1613 1072 1637; x_wconf 91' lang='lat' dir='ltr'>et</span> <span class='ocrx_word' id='word_1_293' title='bbox 1093 1607 1218 1644; x_wconf 87' lang='lat' dir='ltr'>Tritici,</span> <span class='ocrx_word' id='word_1_294' title='bbox 1239 1609 1306 1638; x_wconf 91' lang='lat' dir='ltr'>dum</span> <span class='ocrx_word' id='word_1_295' title='bbox 1323 1608 1516 1645; x_wconf 85' lang='lat' dir='ltr'>evolvuntur,</span> <span class='ocrx_word' id='word_1_296' title='bbox 1537 1606 1725 1645; x_wconf 86' lang='lat' dir='ltr'>mucilaginea</span> <span class='ocrx_word' id='word_1_297' title='bbox 1738 1614 1811 1650; x_wconf 79' lang='lat' dir='ltr'>esse¹</span> 
     </span>
     <span class='ocr_line' id='line_1_28' title="bbox 282 1657 1197 1698; baseline 0.004 -13"><span class='ocrx_word' id='word_1_298' title='bbox 282 1666 312 1685; x_wconf 83' lang='lat' dir='ltr'>et</span> <span class='ocrx_word' id='word_1_299' title='bbox 335 1657 443 1693; x_wconf 69' lang='lat' dir='ltr'>dulcia,</span> <span class='ocrx_word' id='word_1_300' title='bbox 464 1658 579 1694; x_wconf 87' lang='lat' dir='ltr'>plenius</span> <span class='ocrx_word' id='word_1_301' title='bbox 604 1663 698 1688; x_wconf 80' lang='lat' dir='ltr'>autem</span> <span class='ocrx_word' id='word_1_302' title='bbox 718 1659 835 1688; x_wconf 87' lang='lat' dir='ltr'>evoluta</span> <span class='ocrx_word' id='word_1_303' title='bbox 858 1658 919 1688; x_wconf 86' lang='lat' dir='ltr'>fieri</span> <span class='ocrx_word' id='word_1_304' title='bbox 943 1659 1084 1697; x_wconf 88' lang='lat' dir='ltr'>amylacea</span> <span class='ocrx_word' id='word_1_305' title='bbox 1104 1660 1197 1698; x_wconf 77' lang='lat'><em>(26).</em></span> 
     </span>
     <span class='ocr_line' id='line_1_29' title="bbox 1706 1709 1802 1739; baseline 0.01 -1"><span class='ocrx_word' id='word_1_306' title='bbox 1706 1709 1802 1739; x_wconf 76' lang='lat' dir='ltr'>Gum—</span> 
     </span>
    </p>
   </div>
   <div class='ocr_carea' id='block_1_7' title="bbox 305 1803 1862 1843">
    <p class='ocr_par' dir='ltr' id='par_1_7' title="bbox 305 1803 1862 1843">
     <span class='ocr_line' id='line_1_30' title="bbox 305 1803 1862 1843; baseline 0 -17"><span class='ocrx_word' id='word_1_307' title='bbox 305 1803 376 1832; x_wconf 75' lang='lat'>(2³)</span> <span class='ocrx_word' id='word_1_308' title='bbox 391 1806 472 1828; x_wconf 65' lang='lat'>&#39;17100110</span> <span class='ocrx_word' id='word_1_309' title='bbox 486 1807 512 1829; x_wconf 83' lang='lat' dir='ltr'>t..</span> <span class='ocrx_word' id='word_1_310' title='bbox 529 1807 558 1830; x_wconf 80' lang='lat' dir='ltr'>L.</span> <span class='ocrx_word' id='word_1_311' title='bbox 577 1814 601 1835; x_wconf 82' lang='lat' dir='ltr'>p.</span> <span class='ocrx_word' id='word_1_312' title='bbox 616 1812 663 1835; x_wconf 79' lang='lat'>1³3.</span> <span class='ocrx_word' id='word_1_313' title='bbox 693 1809 807 1836; x_wconf 66' lang='lat' dir='ltr'>hue-croy,</span> <span class='ocrx_word' id='word_1_314' title='bbox 829 1807 883 1836; x_wconf 75' lang='lat' dir='ltr'>Syn.</span> <span class='ocrx_word' id='word_1_315' title='bbox 903 1807 927 1829; x_wconf 70' lang='lat' dir='ltr'>da</span> <span class='ocrx_word' id='word_1_316' title='bbox 948 1807 1010 1830; x_wconf 74' lang='lat' dir='ltr'>Coun.</span> <span class='ocrx_word' id='word_1_317' title='bbox 1030 1808 1097 1831; x_wconf 61' lang='lat' dir='ltr'>Chlo.</span> <span class='ocrx_word' id='word_1_318' title='bbox 1117 1811 1171 1831; x_wconf 77' lang='lat' dir='ltr'>tom.</span> <span class='ocrx_word' id='word_1_319' title='bbox 1185 1807 1245 1830; x_wconf 84' lang='lat' dir='ltr'>vm.</span> <span class='ocrx_word' id='word_1_320' title='bbox 1267 1814 1291 1834; x_wconf 83' lang='lat' dir='ltr'>p.</span> <span class='ocrx_word' id='word_1_321' title='bbox 1306 1807 1342 1833; x_wconf 69' lang='lat'>85.</span> <span class='ocrx_word' id='word_1_322' title='bbox 1375 1807 1498 1834; x_wconf 71' lang='lat' dir='ltr'>muman,</span> <span class='ocrx_word' id='word_1_323' title='bbox 1520 1805 1641 1828; x_wconf 69' lang='lat' dir='ltr'>Gru-Irin.</span> <span class='ocrx_word' id='word_1_324' title='bbox 1659 1804 1698 1828; x_wconf 63' lang='grc' dir='ltr'>ἄν</span> <span class='ocrx_word' id='word_1_325' title='bbox 1717 1805 1797 1829; x_wconf 65' lang='lat' dir='ltr'>tran.</span> <span class='ocrx_word' id='word_1_326' title='bbox 1841 1809 1862 1843; x_wconf 22' lang='lat' dir='ltr'>jv*</span> 
     </span>
    </p>
   </div>
   <div class='ocr_carea' id='block_1_8' title="bbox 281 1846 1397 1999">
    <p class='ocr_par' dir='ltr' id='par_1_8' title="bbox 281 1846 1397 1999">
     <span class='ocr_line' id='line_1_31' title="bbox 281 1846 456 1873; baseline 0.011 -6"><span class='ocrx_word' id='word_1_327' title='bbox 281 1846 352 1871; x_wconf 60' lang='lat'>513⁶.</span> <span class='ocrx_word' id='word_1_328' title='bbox 368 1853 390 1873; x_wconf 73' lang='grc' dir='ltr'>ρ·</span> <span class='ocrx_word' id='word_1_329' title='bbox 406 1852 456 1870; x_wconf 78' lang='lat'>300.</span> 
     </span>
     <span class='ocr_line' id='line_1_32' title="bbox 312 1885 664 1917; baseline 0.014 -9"><span class='ocrx_word' id='word_1_330' title='bbox 312 1885 379 1914; x_wconf 63' lang='grc' dir='ltr'>(ιιι)</span> <span class='ocrx_word' id='word_1_331' title='bbox 395 1888 472 1909; x_wconf 65' lang='lat' dir='ltr'>Thoan.</span> <span class='ocrx_word' id='word_1_332' title='bbox 489 1887 514 1910; x_wconf 86' lang='lat' dir='ltr'>L.</span> <span class='ocrx_word' id='word_1_333' title='bbox 530 1890 556 1911; x_wconf 82' lang='lat' dir='ltr'>L.</span> <span class='ocrx_word' id='word_1_334' title='bbox 578 1896 600 1916; x_wconf 85' lang='lat' dir='ltr'>p.</span> <span class='ocrx_word' id='word_1_335' title='bbox 617 1892 664 1917; x_wconf 78' lang='lat'>¹38-</span> 
     </span>
     <span class='ocr_line' id='line_1_33' title="bbox 313 1926 1397 1961; baseline 0.019 -15"><span class='ocrx_word' id='word_1_336' title='bbox 313 1926 380 1954; x_wconf 72' lang='lat'>(25)</span> <span class='ocrx_word' id='word_1_337' title='bbox 399 1929 476 1949; x_wconf 64' lang='lat' dir='ltr'>raom.</span> <span class='ocrx_word' id='word_1_338' title='bbox 488 1929 512 1951; x_wconf 82' lang='grc' dir='ltr'>ι.</span> <span class='ocrx_word' id='word_1_339' title='bbox 527 1929 555 1950; x_wconf 87' lang='lat' dir='ltr'>l..</span> <span class='ocrx_word' id='word_1_340' title='bbox 572 1937 594 1957; x_wconf 77' lang='lat' dir='ltr'>p.</span> <span class='ocrx_word' id='word_1_341' title='bbox 608 1932 634 1957; x_wconf 81' lang='lat'>85</span> <span class='ocrx_word' id='word_1_342' title='bbox 648 1936 695 1959; x_wconf 74' lang='lat' dir='ltr'>seq.</span> <span class='ocrx_word' id='word_1_343' title='bbox 721 1930 825 1954; x_wconf 65' lang='lat' dir='ltr'>uanam.</span> <span class='ocrx_word' id='word_1_344' title='bbox 838 1930 870 1956; x_wconf 72' lang='grc' dir='ltr'>ι.</span> <span class='ocrx_word' id='word_1_345' title='bbox 881 1931 911 1954; x_wconf 74' lang='lat' dir='ltr'>L·</span> <span class='ocrx_word' id='word_1_346' title='bbox 929 1938 952 1960; x_wconf 80' lang='lat' dir='ltr'>p.</span> <span class='ocrx_word' id='word_1_347' title='bbox 968 1933 1008 1958; x_wconf 71' lang='lat'>¹⁸³</span> <span class='ocrx_word' id='word_1_348' title='bbox 1021 1937 1079 1961; x_wconf 55' lang='lat' dir='ltr'>tem.</span> <span class='ocrx_word' id='word_1_349' title='bbox 1100 1931 1175 1955; x_wconf 63' lang='grc' dir='ltr'>ΨΜ·</span> <span class='ocrx_word' id='word_1_350' title='bbox 1188 1931 1218 1954; x_wconf 79' lang='lat' dir='ltr'>L.</span> <span class='ocrx_word' id='word_1_351' title='bbox 1230 1931 1257 1953; x_wconf 68' lang='lat'>¹¹·</span> <span class='ocrx_word' id='word_1_352' title='bbox 1272 1936 1295 1958; x_wconf 81' lang='lat'>¹²·</span> <span class='ocrx_word' id='word_1_353' title='bbox 1311 1935 1335 1952; x_wconf 75' lang='lat'>²¹</span> <span class='ocrx_word' id='word_1_354' title='bbox 1351 1935 1397 1957; x_wconf 51' lang='grc' dir='ltr'>’θ’</span> 
     </span>
     <span class='ocr_line' id='line_1_34' title="bbox 311 1967 640 1999; baseline 0.009 -8"><span class='ocrx_word' id='word_1_355' title='bbox 311 1967 378 1996; x_wconf 68' lang='lat'>(26)</span> <span class='ocrx_word' id='word_1_356' title='bbox 395 1969 489 1992; x_wconf 77' lang='lat' dir='ltr'>Grindal.</span> <span class='ocrx_word' id='word_1_357' title='bbox 503 1968 528 1993; x_wconf 80' lang='lat' dir='ltr'>L.</span> <span class='ocrx_word' id='word_1_358' title='bbox 544 1971 569 1993; x_wconf 85' lang='lat' dir='ltr'>L.</span> <span class='ocrx_word' id='word_1_359' title='bbox 586 1977 609 1999; x_wconf 77' lang='lat' dir='ltr'>p.</span> <span class='ocrx_word' id='word_1_360' title='bbox 624 1972 640 1994; x_wconf 77' lang='lat'>1.</span> 
     </span>
    </p>
   </div>
   <div class='ocr_carea' id='block_1_9' title="bbox 1890 0 1913 246">
    <p class='ocr_par' dir='ltr' id='par_1_9' title="bbox 1890 0 1913 246">
     <span class='ocr_line' id='line_1_35' title="bbox 1890 0 1913 246; textangle 90"><span class='ocrx_word' id='word_1_361' title='bbox 1900 213 1913 246; x_wconf 45' lang='grc' dir='ltr'>-ι</span> <span class='ocrx_word' id='word_1_362' title='bbox 1890 0 1913 191; x_wconf 45' lang='grc' dir='ltr'><em>Μ</em></span> 
     </span>
    </p>
   </div>
   <div class='ocr_carea' id='block_1_10' title="bbox 1890 175 1913 290">
    <p class='ocr_par' dir='ltr' id='par_1_10' title="bbox 1890 175 1913 290">
     <span class='ocr_line' id='line_1_36' title="bbox 1890 175 1913 290; textangle 90"><span class='ocrx_word' id='word_1_363' title='bbox 1890 175 1913 290; x_wconf 55' lang='lat'>3:27.-</span> 
     </span>
    </p>
   </div>
   <div class='ocr_carea' id='block_1_11' title="bbox 1849 697 1913 2427">
    <p class='ocr_par' dir='ltr' id='par_1_11' title="bbox 1849 697 1913 2427">
     <span class='ocr_line' id='line_1_37' title="bbox 1849 697 1913 2427; baseline 0 -910"><span class='ocrx_word' id='word_1_364' title='bbox 1849 697 1913 2427; x_wconf 95' lang='lat' dir='ltr'>   </span> 
     </span>
    </p>
   </div>
   <div class='ocr_carea' id='block_1_12' title="bbox 1878 514 1913 682">
    <p class='ocr_par' dir='ltr' id='par_1_12' title="bbox 1878 514 1913 682">
     <span class='ocr_line' id='line_1_38' title="bbox 1878 514 1913 682; textangle 90"><span class='ocrx_word' id='word_1_365' title='bbox 1905 680 1907 682; x_wconf 87' lang='grc'><em>,</em></span> <span class='ocrx_word' id='word_1_366' title='bbox 1878 514 1913 670; x_wconf 39' lang='lat' dir='ltr'>535³ss23:ss</span> 
     </span>
    </p>
   </div>
   <div class='ocr_carea' id='block_1_13' title="bbox 1880 659 1905 771">
    <p class='ocr_par' dir='ltr' id='par_1_13' title="bbox 1880 659 1905 771">
     <span class='ocr_line' id='line_1_39' title="bbox 1880 659 1905 771; textangle 90"><span class='ocrx_word' id='word_1_367' title='bbox 1880 760 1885 771; x_wconf 67' lang='grc'><em>“</em></span> <span class='ocrx_word' id='word_1_368' title='bbox 1886 705 1895 718; x_wconf 59' lang='lat'>&lt;-</span> <span class='ocrx_word' id='word_1_369' title='bbox 1880 659 1905 697; x_wconf 46' lang='grc' dir='ltr'>,ἦν</span> 
     </span>
    </p>
   </div>
  </div>
 </body>
</html>
