1913 2427
306 128 349 165 24
487 128 521 162 F.
564 136 649 161 ηπ
696 139 768 160 nm
816 129 1073 168 ³·REGGEN,
1107 130 1227 165 eona.
1270 142 1349 166 ιιι.
1395 129 1604 167 ORATIO.

312 233 328 249 «
350 221 412 252 nes‘
437 227 469 252 et
500 221 708 258 differentias.
739 233 924 265 progressus
952 228 984 254 et
1007 225 1095 266 quasi
1122 235 1246 257 caussas
1269 226 1389 263 cernit,
1414 227 1632 270 praesentibus
1660 226 1774 270 adjuti-¹

316 291 332 307 α
354 280 398 321 git
422 279 581 323 flectitque
609 280 729 312 futura:
754 281 821 319 sed,
844 281 993 312 inanibus
1017 283 1100 314 votis
1127 293 1192 313 uon
1208 281 1395 322 indulgens,
1416 283 1598 326 jactantiam
1615 285 1699 324 odit,
1720 295 1777 317 ve-

319 347 334 363 «
357 336 539 367 recundiam
579 344 682 376 amat,
710 336 918 368 diffidentiam
946 340 1046 381 parit,
1080 350 1202 382 nosque
1229 339 1376 382 inprimis
1400 347 1508 371 cautos
1529 351 1595 372 esse
1618 342 1708 384 jubet
1739 342 1776 374 in

320 405 335 420 α
357 393 571 423 aestimatione
595 392 778 424 facultatum
810 401 1008 431 nostrarum,
1031 407 1085 432 ne,
1110 394 1187 426 dum
1211 395 1382 439 speciosam
1407 397 1666 438 Dogmaticorum
1698 397 1775 430 sub·

317 460 334 476 <r
356 449 498 480 tilitatem
513 451 687 487 miramur,
710 460 842 492 eamque
863 452 986 494 assequi
1010 452 1194 489 studemus,
1217 462 1290 483 vera
1321 446 1402 482 artis
1421 451 1538 483 auxilia
1569 453 1779 497 negligamus-¹

316 517 330 532 «
355 505 437 536 Haec
471 508 579 543 Ratio,
611 505 808 536 Medicorum
839 507 959 543 optima
990 508 1184 546 consultrix,
1217 509 1360 539 'animum
1388 507 1494 539 firmat
1517 515 1628 540 contra
1654 510 1776 553 ingenii

316 572 329 587 «
354 559 528 598 luxuriam,
551 568 661 593 contra
692 562 854 605 opinionis
878 562 1098 604 tyrannidem,
1123 570 1232 594 contra
1263 565 1478 606 pathematum
1500 563 1645 597 fallacias.
1688 566 1773 599 Haec

315 627 330 643 ιι
353 627 412 647 nos
437 616 477 647 ab
499 617 609 648 audaci
633 617 740 648 volatu
768 618 918 657 retrahit,
941 626 972 650 et
998 619 1128 661 ingenio
1156 620 1301 662 praecisis
1325 620 1382 651 alis
1401 621 1572 663 plumbum
1591 621 1694 660 a'ddit3
1717 633 1777 654 nec

312 683 327 698 «
351 678 456 703 tamen
490 684 598 716 repere
628 674 661 704 in
687 674 902 716 singularibus
927 681 958 706 et
984 686 1206 708 consenescere
1230 677 1365 720 patitur,
1389 677 1445 708 sed
1466 677 1552 708 lento
1576 678 1677 720 gradu
1703 690 1779 723 pro·

313 740 327 755 α
351 728 439 770 gredi
463 729 554 761 docet
580 730 619 761 ad
645 730 730 761 illam
755 732 992 774 cognitionem,
1016 743 1114 775 quam
1142 731 1282 764 mediam
1298 732 1441 776 appello,
1464 744 1546 776 quae
1563 745 1692 765 omnem
1715 736 1777 767 uti-

309 796 326 813 ιι
350 785 468 816 litatem
492 785 734 831 facultatemque
758 775 872 831 agendi
897 789 1133 832 complectitur,
1159 787 1198 819 ab
1224 789 1345 819 intimis
1367 799 1476 820 rerum
1497 795 1527 820 et
1546 796 1677 821 naturae
1701 790 1776 823 ulti-

308 853 325 870 «
348 843 408 872 mis
446 843 586 885 prudens
619 844 764 880 abstinet.
814 846 864 876 Sic
890 846 1042 889 paulatim
1073 856 1132 877 nos
1154 845 1242 876 ducit
1263 844 1302 875 ad
1326 855 1397 876 eam
1421 844 1670 889 philosophandi
1695 852 1776 878 tem-

309 909 324 925 «
348 899 538 940 perantiam,
563 911 645 943 quae
669 901 835 934 Medicum
856 901 963 940 decet,
982 903 1093 945 juvat,
1116 908 1226 940 ornat,
1248 901 1431 933 consolatur
1457 903 1553 932 etiam
1577 903 1610 933 iu
1635 903 1774 935 adversis

311 966 325 981 ιι
348 961 379 984 et
401 955 503 997 erigit.
548 958 578 986 Is
603 958 690 988 enim
710 958 840 990 demum
863 970 937 991 vere
960 959 1085 1002 sapiens
1108 958 1257 991 Medicus
1280 964 1343 996 est,
1367 958 1423 1000 qui
1445 969 1512 989 non
1535 958 1673 1001 amplius
1697 959 1776 991 arbi-

306 1021 322 1037 «
347 1016 462 1048 tratur,
487 1012 566 1043 scire
591 1023 643 1051 se,
667 1024 749 1056 quae
777 1015 922 1057 ignorat,
946 1016 1003 1058 qui
1021 1025 1124 1058 aequo
1141 1016 1268 1054 animo,
1291 1021 1450 1057 qnantum
1465 1016 1524 1053 sit,
1547 1016 1635 1058 quod
1655 1018 1776 1048 nescia·

305 1078 319 1094 a
343 1077 439 1106 mus,
457 1069 609 1111 percipit,
634 1075 664 1100 et
688 1069 791 1101 nihilo
818 1072 926 1102 miuus
952 1073 986 1102 in
1013 1071 1120 1103 studio
1150 1078 1281 1103 naturae
1311 1071 1514 1114 perseverat.⁷’
1538 1071 1620 1116 (ᾗ)

349 1124 454 1166 Atque
485 1125 527 1155 ita
560 1125 599 1156 ad
631 1136 707 1164 vos,
732 1128 877 1159 'Juvenes
913 1127 1043 1171 optimi!
1076 1139 1094 1160 a
1119 1127 1239 1171 quibus
1265 1133 1297 1158 et
1332 1126 1445 1159 Schola
1466 1134 1576 1159 nostra
1600 1135 1632 1160 et
1656 1131 1774 1170 Patria,

304 1186 336 1210 et
358 1181 525 1212 Doctrinae
552 1188 646 1224 atque
676 1183 817 1223 Lsterae,
839 1195 1059 1228 quaecumque
1086 1184 1173 1217 hona
1201 1191 1345 1228 sperant,
1367 1191 1532 1216 convertat
1555 1195 1622 1217 sese
1645 1185 1774 1218 taudem

304 1245 375 1266 mea
401 1237 521 1270 Oratio.
566 1237 661 1278 Quod
679 1239 718 1270 'in
743 1246 808 1271 arte
834 1240 941 1271 nostra
962 1240 1084 1272 medica
1104 1241 1282 1273 cavendum
1306 1241 1382 1279 erit3
1404 1240 1485 1283 quid
1510 1241 1560 1271 vel
1577 1243 1774 1285 prospicien-

303 1291 399 1331 dum,
424 1300 477 1324 ant
494 1295 743 1335 consulendum,
764 1303 818 1327 aut
837 1297 1056 1340 sequendum,
1079 1305 1134 1329 aut
1151 1297 1341 1341 fugiendum
1358 1297 1415 1336 sit,
1438 1296 1646 1330 intellexistis.
1691 1300 1774 1330 Lau-

302 1346 370 1384 dis,
400 1348 561 1381 doctrinae
593 1357 624 1381 et
653 1353 811 1392 veritatis,
841 1354 990 1385 comitem
1023 1354 1143 1398 absque
1166 1353 1266 1385 dubio
1289 1364 1348 1386 vos
1375 1353 1503 1393 amatis,
1525 1354 1582 1396 qui
1603 1353 1771 1386 vobiscum

301 1413 426 1434 caussas
452 1416 557 1436 rerum
587 1413 617 1438 et
641 1409 797 1451 principia
822 1411 990 1453 vestigare,
1013 1418 1177 1455 artemque
1211 1418 1354 1443 nostram
1387 1410 1578 1454 praeclaram
1610 1411 1645 1442 in
1663 1409 1772 1442 obser-

301 1458 414 1490 vandis
436 1466 467 1491 et
494 1463 643 1494 curandis
669 1465 790 1496 morbis
816 1466 855 1496 ad
881 1467 1033 1509 majorem
1067 1467 1266 1500 certitudinis
1288 1467 1424 1510 gradum
1446 1467 1566 1509 erigere
1590 1473 1685 1510 atque
1707 1466 1770 1498 ele-

303 1524 391 1554 vare‚
416 1517 450 1547 in
481 1519 588 1549 animo
615 1518 737 1552 habeat.
783 1523 832 1552 En
855 1526 1004 1555 comitem
1030 1523 1123 1556 talem
1149 1532 1244 1568 atque
1272 1525 1411 1556 amicum
1435 1534 1488 1555 me
1510 1523 1603 1555 vobis
1625 1523 1770 1555 modera-

301 1575 369 1600 tum
400 1571 515 1611 offero,
540 1574 685 1616 praebeO.
730 1578 829 1608 Pauca
859 1578 948 1610 vobis
974 1579 1117 1623 polliceri
1142 1591 1290 1624 possum;
1313 1587 1359 1611 ast
1388 1579 1604 1623 diligentiam,
1628 1579 1769 1610 alacrita-

300 1632 381 1664 tem,
405 1628 590 1661 modestiam
617 1633 800 1674 promittere
825 1641 856 1664 et
875 1637 1119 1675 commendare,
1142 1637 1218 1669 haec
1241 1648 1289 1669 res
1311 1637 1391 1667 mihi
1418 1636 1534 1679 pariter
1557 1642 1652 1679 atque
1674 1635 1767 1667 vobis

298 1683 336 1713 ad
364 1684 495 1725 gloriam
527 1687 652 1720 valebit.
705 1691 771 1722 Nos
796 1691 894 1734 igitur
917 1693 1183 1725 Commilitones!
1208 1693 1372 1724 literarum
1397 1692 1554 1737 palmam,
1578 1691 1694 1723 nullibi
1722 1699 1769 1724 te-

298 1749 382 1770 mere
408 1747 520 1773 tactam
545 1751 599 1775 aut
620 1752 802 1778 exterorum
826 1749 974 1781 manibus
1002 1750 1190 1788 delibatam,
1215 1761 1378 1782 servemus
1410 1749 1626 1786 incolumem,
1652 1755 1689 1780 ut
1708 1751 1766 1780 Pa-

299 1796 374 1826 triae
402 1798 560 1836 utiliores,
588 1803 665 1844 Regi
696 1805 819 1846 optimo
846 1808 1080 1848 commendati,
1104 1807 1307 1850 Magistratui
1332 1813 1362 1838 et
1388 1807 1517 1839 Civitati
1544 1804 1763 1849 comprobati,

295 1852 484 1896 civiumque
514 1856 775 1892 Academicorum
795 1863 882 1904 justo
907 1865 1038 1896 nomine
1055 1864 1172 1907 digni,
1194 1861 1429 1895 existimemur!

331 1937 395 1974 (¹⁸)
415 1937 436 1966 l.
457 1947 481 1967 c.
503 1948 569 1976 pag.
593 1949 640 1977 50.

911 1987 939 2017 D
983 1987 998 2017 Ι
1042 1988 1071 2017 X
1116 1987 1142 2019 1.
