1913 2427
296 155 357 178 20·
513 141 760 175 LffoN1s
812 139 1337 171 SALOMONISae-Ax
1381 139 1618 172 rusiae..

341 231 476 260 Ammius
503 229 665 265 applicetur
675 225 825 256 —divisioni
851 234 883 254 12
903 230 931 252 et
953 224 1049 252 tabula
1073 223 1209 253 divisioni
1237 233 1285 259 24.
1326 224 1410 253 Tunc
1433 226 1634 262 Parallelopip.
1665 235 1676 255 x
1699 226 1745 255 M.
1766 226 1806 255 al-

302 289 361 311 tero
387 281 458 309 min.
483 288 541 309 sec.
563 279 757 315 praeterlapso
781 275 935 305 remanebit
960 275 991 304 in
1011 276 1137 311 annulo,
1164 276 1230 304 lanx
1253 283 1320 304 vero
1345 276 1428 304 tertio
1454 277 1524 305 min.
1547 286 1605 306 sce.
1626 278 1660 306 ad
1681 277 1806 306 tabulam

302 333 458 370 perveniet.

338 383 465 412 Tandem
490 381 596 410 annulo
620 378 758 408 divisioni
783 386 839 414 27,
861 383 889 406 et
911 377 1009 407 tabula
1026 377 1162 406 divisioni
1184 384 1239 413 45,
1262 376 1436 413 applicatis,
1456 377 1626 415 Parallelop.
1653 387 1665 409 1
1693 377 1739 408 M.
1757 384 1813 408 ter-

300 435 341 464 tio
362 435 432 463 min.
457 441 516 461 sec.
534 432 692 466 annulum,
713 435 740 458 et
763 430 829 458 lanx
849 435 952 465 quarto
972 428 1042 458 min.
1069 436 1127 457 sec.
1151 428 1296 463 tabulam,
1317 429 1449 465 attinget.
1712 417 1715 422 ’

336 486 416 521 Ergo
435 483 572 513 velocitas
596 482 690 518 primo
711 482 782 510 min.
807 489 864 510 sec.
888 480 1030 518 acquisita
1048 490 1084 507 =
1121 488 1139 516 9
1161 495 1197 501 —
1238 489 1252 516 3
1271 489 1307 507 Ξ
1326 480 1344 507 6
1366 480 1399 513 ><
1415 483 1456 516 '13

300 538 336 567 ad
359 537 443 565 finem
462 535 579 563 alterius
599 533 668 562 min.
696 541 754 562 sec.
777 532 915 562 velocitas
1044 541 1081 559 =
1101 541 1136 567 24
1157 545 1195 554 -
1217 540 1251 559 12
1271 541 1306 558 Ξ
1325 531 1342 558 6
1364 531 1397 564 ><
1421 540 1454 567 23

301 588 337 617 ad
360 588 443 616 finem
466 585 541 614 tertii
563 585 632 613 min.
654 583 773 613 secundi
1048 594 1084 612 =
1104 591 1140 619 45
1161 596 1198 602 —
1219 591 1255 619 27
1273 592 1309 610 ε
1328 583 1346 610 6
1367 583 1400 616 ><
1423 591 1451 618 3.

339 639 413 667 Sunt
444 639 542 673 itaque
569 636 621 664 hae
646 635 813 665 velocitates
843 635 916 664 inter
940 644 970 665 se
993 641 1025 664 ut
1052 636 1069 664 6
1086 636 1120 669 ><
1136 643 1170 668 1,
1195 634 1213 662 6
1230 636 1263 669 ><
1282 643 1319 670 2,
1348 634 1365 662 6
1382 635 1416 668 ><
1434 641 1475 670 3,
1505 633 1566 664 sive
1588 641 1620 664 ut
1643 643 1680 671 1,
1709 642 1746 670 2,
1776 639 1812 670 3,

302 690 430 727 adeoque
455 695 487 717 ut
511 695 649 724 tempora.

938 797 1072 828 LEX
1137 796 1176 828 V.

340 908 374 937 Si
388 908 463 938 vires
479 908 610 934 motrices
626 911 679 934 aut
691 905 912 934 acceleratrices
936 905 1018 932 inter
1029 912 1058 932 sc
1077 908 1144 932 stmt
1168 909 1200 931 ut
1221 911 1236 939 3
1255 912 1264 933 ε
1288 912 1324 938 4,
1351 909 1379 932 et
1394 909 1523 942 tempora
1541 904 1636 943 lapsus
1661 909 1694 932 ut
1717 911 1730 931 ι
1751 910 1761 932 z
1778 912 1815 938 2,

397 963 483 986 erunt
509 955 673 986 velocitates
701 958 862 994 acquisitae
885 962 916 984 ut
941 963 956 991 3
975 964 985 984 ς
1010 957 1025 984 8
1043 975 1054 991 ,
1081 955 1138 984 sive
1160 955 1192 982 in
1215 955 1330 983 ratione
1353 955 1509 993 composita
1539 957 1646 986 virium
1670 954 1816 984 accelera·

395 1009 513 1036 tritium
533 1013 560 1035 et
586 1013 744 1045 temporum
763 1014 820 1046 per
843 1017 917 1045 quac
934 1012 1038 1044 agunt.

875 1115 1226 1138 EXPERIMENTUM.

328 1201 432 1236 Supra
457 1199 585 1231 vidimus
601 1218 612 1234 ,
639 1198 669 1227 vi
697 1197 892 1227 accelerati-ice
923 1198 1020 1234 posita
1050 1197 1161 1233 aequali
1190 1197 1263 1234 parti
1292 1198 1353 1233 64¹e
1380 1196 1473 1226 totius
1503 1204 1614 1226 massae
1637 1198 1816 1235 movendae,

300 1251 479 1282 velocitatem
505 1249 677 1286 acquisitam
701 1248 763 1277 fore
785 1250 802 1277 6
819 1249 957 1286 pollicum
981 1257 1039 1278 uno
1063 1248 1133 1277 min.
1157 1249 1296 1278 secundo.

339 1302 432 1331 Lanci
454 1302 481 1330 A
504 1301 669 1337 imponatur
694 1303 738 1337 133
759 1300 806 1329 M.
818 1322 827 1335 ‚
858 1300 989 1336 idemque
1008 1300 1123 1336 pondus
1147 1300 1221 1329 lanei
1242 1300 1276 1328 B.
1317 1300 1408 1329 Lanei
1431 1300 1459 1328 A
1477 1308 1565 1336 porro
1593 1300 1738 1336 injiciatur
1765 1299 1817 1328 Pa-

302 1354 430 1390 rallelop.
457 1362 469 1381 1
493 1352 538 1381 M.
549 1373 559 1388 ‚
581 1359 613 1381 ut
634 1357 694 1380 tota
719 1360 812 1380 massa
831 1352 972 1380 movenda.
992 1351 1029 1379 sit
1051 1352 1086 1386 48
1108 1350 1156 1380 M.
1179 1357 1208 1379 et
1229 1351 1274 1379 vis
1294 1351 1473 1379 acceleratiix
1497 1360 1509 1378 1
1534 1350 1578 1378 Μ.
1590 1370 1600 1385 ‚
1622 1350 1682 1379 sive
1701 1353 1724 1388 ἡ
1743 1359 1817 1380 mas-

305 1413 353 1433 sae
378 1404 480 1433 totius.
521 1404 640 1433 Annulo
661 1405 687 1433 C
708 1412 795 1441 porro
819 1404 911 1432 scalae
938 1402 1074 1431 divisioni
1100 1403 1150 1437 16,
1178 1409 1205 1430 et
1231 1402 1329 1431 tabula
1352 1402 1379 1430 D
1405 1402 1541 1431 divisioni
1564 1410 1618 1437 32,
1648 1403 1816 1441 applicatis,

301 1456 367 1484 lanx
393 1456 421 1484 A
442 1456 616 1484 descendens
640 1455 805 1490 Parauclop,
835 1463 846 1483 1
870 1453 916 1482 M.
938 1454 1025 1482 altero
1050 1453 1120 1481 min.
1143 1461 1201 1482 sec.
1232 1454 1330 1489 lapsus
1362 1453 1507 1482 accelerati
1537 1452 1566 1482 in
1598 1452 1705 1480 annulo
1730 1453 1818 1481 relin-

305 1513 392 1542 quet,
414 1506 532 1543 ipsaque
552 1513 633 1535 motu
651 1505 789 1535 uniformi
805 1511 865 1534 acta
880 1505 963 1534 tertio
979 1504 1049 1533 min.
1066 1513 1123 1532 sec.
1139 1504 1167 1533 in
1181 1504 1305 1533 tabulam
1318 1505 1445 1540 decidet;
1469 1503 1629 1540 siquidem,
1651 1502 1692 1532 uti
1707 1504 1729 1543 ι’,
1749 1511 1820 1532 con-

303 1558 382 1596 venit
403 1567 469 1586 cum
489 1567 507 1593 4
527 1557 685 1594 pollicibus
714 1557 808 1593 primo
840 1557 909 1586 min.
935 1565 994 1586 sec.
1024 1555 1160 1592 quoniam
1184 1556 1215 1594 ¹3²
1233 1565 1269 1583 =
1287 1558 1343 1592 48,
1373 1556 1412 1585 ita
1439 1563 1558 1591 quoque
1583 1554 1720 1584 convenit
1749 1563 1816 1585 cum

306 1609 341 1637 16
368 1608 525 1644 pollicibus
553 1609 640 1637 altero
670 1608 740 1637 min.
772 1617 851 1643 sec.‚
881 1609 1035 1644 quoniam,
1066 1608 1222 1636 secundum
1251 1614 1323 1645 pag.
1351 1608 1410 1642 16,
1440 1605 1569 1642 quadrati
1596 1606 1718 1634 duorum
1745 1606 1816 1636 min.

303 1667 362 1688 sec.
385 1668 420 1686 =
439 1669 458 1694 4
483 1667 534 1695 per
560 1667 612 1695 192
635 1658 840 1695 multiplicati,
864 1660 1007 1696 producto
1030 1667 1079 1694 per
1097 1661 1132 1694 48
1154 1659 1271 1694 diviso,
1292 1658 1427 1694 quotiens
1448 1656 1501 1685 erit
1528 1657 1573 1686 16.

342 1709 421 1746 Ergo
444 1710 509 1738 lanx
531 1710 558 1739 A
582 1710 667 1739 tertio
692 1710 762 1739 min.
785 1718 844 1738 sec.
878 1709 1002 1738 tabulam
1027 1710 1173 1746 attinget,
1212 1710 1245 1738 16
1275 1708 1431 1745 pollicibus
1462 1709 1518 1737 hoc
1549 1707 1621 1736 min.
1646 1716 1704 1737 sec.
1735 1716 1817 1737 motu

305 1760 442 1789 uniformi
466 1762 628 1798 percursis,
657 1761 794 1798 quoniam
816 1782 826 1796 ‚
855 1761 1013 1789 secundum
1033 1767 1108 1799 pag.
1136 1762 1168 1788 18
1184 1781 1194 1796 ,
1217 1760 1339 1798 ,duobus
1367 1760 1438 1789 min.
1468 1768 1528 1789 sec.
1559 1759 1706 1795 acquirere
1737 1760 1820 1789 debet

305 1812 483 1841 velocitatem
505 1814 649 1849 aequalem
673 1823 689 1842 2
711 1814 745 1847 ><
771 1814 805 1842 16
824 1821 860 1840 =
881 1820 927 1849 32.

344 1862 418 1891 Sunt
441 1863 529 1900 igitur
551 1864 719 1893 velocitates
743 1863 904 1900 acquisitae
924 1863 954 1892 in
978 1863 1035 1893 hoc
1054 1868 1082 1892 et
1098 1862 1277 1899 praecedenti
1298 1862 1491 1900 experimento
1510 1861 1582 1891 inter
1598 1870 1628 1892 se
1643 1869 1676 1892 ut
1699 1863 1718 1892 6
1734 1871 1744 1893 ι
1763 1863 1817 1900 16,

305 1913 351 1941 vel
373 1913 417 1942 uti
442 1921 457 1949 3
480 1922 488 1942 ε
512 1916 547 1950 8;
570 1914 645 1944 vires
668 1923 736 1945 vero
758 1914 967 1945 acceleratrices
987 1915 1013 1954 ᾗ
1031 1920 1058 1943 et
1082 1914 1109 1953 ἦ,
1124 1915 1197 1944 inter
1217 1922 1248 1944 se
1265 1921 1334 1952 sunt
1354 1921 1387 1944 ut
1406 1915 1441 1950 48
1464 1922 1473 1944 ε
1494 1914 1550 1950 64,
1570 1913 1632 1944 sive
1654 1921 1688 1944 ut
1708 1923 1724 1952 3
1745 1923 1755 1944 ε
1775 1924 1821 1951 4,-

305 1969 334 1992 et
353 1970 480 2000 tempora
501 1971 533 1993 ut
553 1974 565 1993 1
589 1974 596 1993 z
619 1975 646 1994 α.

1700 2014 1822 2047 LEX
