1913 2427
344 121 386 155 30
918 118 1242 151 NOTAE.

511 213 558 250 jus
580 211 710 240 notitiam
738 212 781 240 vel
800 211 966 245 scientiam,
987 211 1122 240 omnibus
1148 212 1266 240 omnino
1295 211 1421 240 numeris
1450 211 1631 247 absolutam,
1660 212 1820 247 perveneri-

514 272 591 292 mus.
632 263 713 300 Elegi
734 270 827 291 autem
855 261 1098 298 praestantissima
1122 269 1237 291 nostrae
1261 262 1437 299 cognitionis
1458 262 1571 298 capita,
1593 262 1751 297 iisdemque
1773 263 1819 291 vel

514 314 632 343 maxime
666 313 831 347 celebratis,
860 312 889 340 iu
919 312 1054 341 omnibus
1086 319 1179 342 tamen
1206 313 1294 342 simul
1319 314 1467 342 ostendere
1495 319 1615 342 conatus
1643 312 1702 349 fui,
1731 321 1819 349 quan-

516 372 577 393 tum
599 365 615 393 :¹1
641 364 851 401 perfectissimo
876 364 1031 399 distarent,
1054 371 1253 400 quantumque
1270 365 1300 392 in
1323 365 1423 393 multis
1445 364 1647 393 claudicarent.

551 415 622 444 Post
649 421 827 444 memoratam
859 414 947 453 igitur
978 415 1140 450 materiem,
1167 416 1201 443 de
1223 418 1280 451 quai
1308 422 1445 444 cauturus
1468 424 1576 450 essem,
1599 421 1625 443 et
1649 415 1823 444 Auditorum

511 466 725 495 benevolentiae
756 466 966 503 captatio-nem,
986 466 1152 504 ,1)ειιῌι,,0.
1171 467 1217 496 M.
1246 466 1398 506 invossavi,
1421 473 1454 495 ut
1479 466 1615 503 primam,
1644 473 1672 494 at
1692 467 1759 495 vero
1782 466 1825 496 in-

511 517 657 554 cognitam
677 518 804 547 omnium
826 525 938 553 rerum,
961 525 1033 553 quae
1056 509 1254 553 Natura,.ve1
1277 510 1365 553 sunt,
1396 518 1441 546 vel
1465 517 1559 553 fiunt,
1581 526 1712 546 caussam
1740 524 1826 553 atque

514 568 676 605 originem,
707 569 757 605 qui
780 569 993 606 sapientissimo
1021 569 1145 598 consilio
1176 569 1262 597 nobis
1291 569 1460 597 mortalibus
1496 569 1613 604 condit,
1643 578 1715 604 quae
1746 570 1827 605 peni-

516 627 564 648 tus
594 628 731 655 noscere,
762 620 791 648 in
818 621 870 650 hac
897 620 1020 649 terrestri
1048 620 1127 655 vita,
1148 620 1233 649 nobis
1263 620 1377 649 minime
1404 620 1563 656 prodesset.
1609 620 1685 648 Idem
1705 628 1772 648 mox
1794 620 1829 648 il-

517 671 640 702 lustravi
659 671 793 707 pluribus
813 672 969 708 exemplis,
991 672 1056 700 inde
1076 672 1092 700 a
1115 679 1200 700 versu
1220 680 1253 707 14
1275 680 1368 708 usque
1393 672 1427 699 ad
1448 672 1501 709 38,
1524 671 1682 706 iisdemque
1697 671 1828 700 versibus

519 729 612 752 totum
642 723 775 752 carminis
806 729 1023 759 argumentum,
1053 721 1178 750 breviori
1198 721 1283 758 quasi
1322 721 1503 757 recensione,
1531 721 1715 762 continetur,
1744 729 1830 759 atque

483 774 485 776 ’
520 774 686 810 exponitur.
1003 778 1005 780 '
1589 768 1591 773 '
1644 765 1645 768 Ἴ

553 825 596 854 Ut
617 826 811 860 ostenderem,
833 825 938 854 nullam
959 834 1081 861 prorsus
1101 825 1293 862 Disciplinam
1316 832 1411 854 errore
1435 831 1462 853 et
1488 824 1603 854 inscitia
1621 825 1746 854 humana
1766 832 1829 854 esse

519 883 679 912 exemtam,
699 876 791 905 addidi
814 877 944 913 proxime
968 865 1119 914 sentientes
1142 887 1175 908 ιο
1194 886 1308 907 versus.

342 935 359 958 ὁ
556 928 631 957 Dein
653 928 777 965 cxiiiicui
803 928 946 964 prolixius
967 937 1167 965 argumentum
1197 929 1301 964 modo,
1329 936 1421 963 usque
1444 928 1479 956 ad
1503 935 1618 956 versum
1641 929 1696 962 28,
1725 934 1832 956 memo-

521 986 628 1009 ratum.
668 979 699 1008 In
729 979 836 1015 quibus
868 980 1079 1016 Agricultura,
1113 988 1202 1016 eaque
1230 980 1260 1008 in
1293 980 1392 1016 primis
1425 978 1614 1008 recentiorum
1643 978 1832 1015 indagationi·

520 1031 596 1065 bus,
619 1030 747 1058 inventis
762 1038 791 1058 et
806 1031 972 1067 laboribus,
996 1031 1150 1067 insigniter
1172 1032 1317 1060 emendata
1336 1037 1425 1066 atque
1438 1030 1628 1066 amplificata,
1649 1030 1775 1066 primum
1789 1035 1833 1069 (e

520 1087 571 1111 net
590 1082 698 1110 locum.
1187 1106 1196 1112 ,
1811 1081 1814 1083 ’

554 1133 632 1161 Hinc
652 1132 785 1168 sequitur
801 1132 928 1161 laudatio
946 1141 1063 1162 caussae
1087 1132 1252 1169 incognitae
1273 1132 1402 1161 omniurn
1419 1137 1640 1162 memoratorum
1657 1131 1808 1161 effectuum
1819 1153 1831 1168 ,

518 1185 550 1214 in
572 1184 636 1219 sola
667 1183 721 1212 Dei
745 1183 874 1220 potentia
903 1190 931 1212 et
955 1193 1069 1213 summo
1096 1183 1289 1213 moderamine
1312 1184 1501 1220 quaerendae;
1531 1183 1581 1212 ubi
1609 1183 1664 1212 Dei
1690 1183 1835 1219 Sapientia

518 1237 550 1265 in
570 1234 671 1272 primis
693 1234 723 1263 in
748 1235 957 1264 abscondendis
986 1235 1044 1271 iis,
1073 1244 1146 1272 quae
1173 1234 1283 1264 homini
1310 1243 1368 1263 non
1392 1234 1547 1270 profutura
1575 1241 1689 1270 essent,
1710 1234 1832 1264 celebra-

521 1294 587 1322 tur,
610 1293 654 1322 et,
685 1286 734 1315 ubi
758 1286 852 1315 brevis
878 1287 1011 1323 repetitio
1035 1287 1068 1316 fit
1099 1287 1228 1317 omnium
1254 1285 1408 1316 effectuum
1435 1286 1575 1315 hactenus
1599 1286 1830 1323 recensitorum,

514 1347 640 1375 quorum
665 1347 768 1367 caussa
788 1339 869 1367 solus
891 1338 972 1367 Deus
994 1339 1168 1375 spectandus
1191 1345 1245 1368 est.

551 1389 644 1424 Dein,
674 1390 689 1418 ’ὰ
708 1397 795 1418 versu
821 1397 871 1425 191
900 1398 993 1426 usque
1017 1390 1052 1419 ad
1078 1399 1154 1425 202,
1180 1390 1265 1418 breve
1286 1395 1486 1426 argumentum
1509 1389 1630 1418 habetur
1647 1388 1830 1424 sequentium

513 1442 552 1471 86
576 1449 732 1476 versuum,
762 1440 791 1469 in
819 1439 927 1476 quibus
958 1441 1040 1478 origo
1076 1440 1224 1476 Telluris,
1255 1442 1413 1470 secundum
1446 1440 1636 1469 recentiorum
1663 1440 1831 1477 molimina,

510 1499 557 1527 et,
578 1491 722 1529 probabili
746 1491 873 1527 ratione,
894 1492 1063 1529 expositas,
1092 1492 1209 1529 ingenio
1232 1491 1486 1529 perspicacissimo
1509 1492 1641 1527 debitas,
1661 1491 1831 1528 opiniones,

511 1543 643 1581 pluribus
667 1542 859 1579 describitur,
881 1549 908 1572 et
931 1544 1083 1580 praecipue
1110 1552 1160 1579 ea,
1190 1552 1264 1580 quae
1284 1544 1319 1573 ad
1349 1543 1493 1573 montium
1517 1543 1763 1578 Primitivorum,
1784 1543 1833 1572 Se·

509 1594 725 1626 cundarlorum
752 1599 779 1621 et
800 1594 1029 1623 Vulcanicorum
1059 1594 1198 1632 originem
1226 1595 1390 1632 pertinent:
1418 1595 1548 1630 tandem,
1574 1595 1629 1623 hoc
1655 1595 1741 1630 loco,
1768 1593 1831 1631 agi-

519 1653 569 1675 tur
591 1645 626 1674 dc
646 1646 703 1674 solo
727 1655 762 1674 ex
783 1645 928 1675 alluvione
947 1652 1034 1681 nato,
1062 1652 1090 1674 et
1120 1652 1182 1675 tum
1213 1646 1326 1675 demum
1351 1645 1524 1683 vegetationi
1556 1652 1645 1682 apto,
1673 1651 1700 1674 et
1724 1645 1828 1681 nobis,

516 1698 680 1733 ceterisque
710 1697 925 1733 animantibus,
954 1696 1104 1727 habitabili
1137 1698 1260 1727 reddito.
1301 1698 1334 1726 In
1357 1697 1414 1727 fine
1439 1698 1527 1734 hujus
1553 1696 1690 1726 sectionis
1711 1695 1831 1733 exponi-

519 1756 588 1784 tur,
621 1749 692 1785 quid
713 1757 825 1786 sperare
860 1755 888 1778 et
916 1755 1046 1785 spectare
1067 1757 1122 1778 nos
1149 1749 1246 1778 deceat
1268 1748 1297 1778 in
1323 1749 1566 1785 contemplatione
1592 1755 1620 1779 et
1646 1747 1829 1785 indagatione

517 1800 666 1836 Naturae,
695 1807 723 1829 et
743 1801 870 1838 ejusdem
895 1800 1031 1838 sublimis
1053 1800 1196 1837 Theatri,
1225 1801 1308 1838 cujus
1335 1800 1430 1830 brevis
1455 1799 1610 1837 descriptio
1631 1799 1703 1828 hanc
1726 1798 1831 1828 sectio·

524 1859 590 1882 nem
616 1852 761 1887 absolvit,
781 1860 868 1881 versu
881 1854 950 1881 288.

558 1903 627 1933 Inde
656 1910 818 1940 sequuntur
842 1913 888 1941 ea,
911 1912 1005 1942 quae,
1030 1904 1086 1935 hoc
1106 1910 1295 1943 argumento,
1316 1904 1351 1933 de
1368 1903 1513 1940 Plancus,
1536 1901 1687 1941 Cometis,
1707 1907 1734 1932 et
1754 1901 1829 1931 Stel-

1791 1953 1830 1982 lis
