1913 2427
396 156 407 168 .
610 139 1078 190 ‘'ORATIO.
1586 152 1619 178 it

143 242 240 280 atque
271 235 333 267 hoc
358 240 451 277 pacto
476 233 625 266 inductae
650 233 782 266 fuerunt
807 244 919 265 omnes
950 243 1053 265 novae
1083 231 1154 264 illae
1181 237 1213 263 et
1235 231 1370 275 grandes
1389 234 1467 265 artis
1495 235 1620 267 revolu-

141 295 265 330 tiones,
290 302 371 336 quae
390 302 520 322 omnem
543 292 698 323 theoriam
724 290 951 336 medicanrvel
979 289 1151 322 turbarunt
1179 288 1384 322 vehementer
1399 314 1408 330 ,
1438 291 1489 322 vel
1522 293 1617 323 etiam

142 349 184 381 ad
205 360 322 380 novam
351 349 445 391 quasi
469 347 603 380 formam
626 348 806 391 duaerunt.

185 400 257 437 Fuit
279 405 437 447 imprimis
460 404 595 435 Theoria
619 404 793 447 organismi
822 402 943 440 vitatis,
967 413 1049 445 qnae
1076 402 1241 434 universas
1266 403 1352 435 illius
1380 404 1573 435 mutationes
1596 414 1613 435 a

139 463 261 493 mutata
293 462 449 493 mixtione
475 467 506 492 et
533 460 634 492 forma
674 461 824 492 materiae
851 459 997 490 animalis
1027 460 1182 502 sejunxit,
1211 459 1319 490 relicta
1344 466 1452 491 tamen
1471 461 1538 503 ipsa
1561 460 1613 491 illi

138 518 318 562 explicandi
349 519 431 549 hanc
456 518 639 549 varietatem
670 516 747 548 cura
781 523 877 560 atque
903 515 1023 559 operti,
1053 517 1134 559 quin
1163 523 1195 547 et
1221 517 1385 548 materiam
1418 517 1520 560 ipsam
1557 527 1612 548 va·

137 576 272 606 rientem
307 574 439 605 nomine
474 574 629 617 singulari
667 573 848 616 appellandi
888 571 1043 604 facultate.
1099 573 1180 603 Mox
1211 579 1343 604 enatum
1374 572 1436 604 fuit
1472 579 1609 616 systema

136 632 276 663 Brownii
309 637 341 662 et
364 631 486 662 theoria
514 630 758 668 incitahilitatis‚
787 629 850 672 qua
875 630 955 667 vita,
989 629 1056 660 sola
1086 630 1121 660 in
1151 629 1324 671 organismi
1352 629 1536 660 incitatione
1566 636 1614 660 at-

137 699 202 731 que
226 688 260 718 in
287 688 410 718 actione
438 694 643 718 externarum
674 687 877 717 incitantium
911 686 1127 728 potentiarum
1156 686 1276 728 posita,
1308 691 1402 728 atque
1432 685 1502 722 illa,
1526 685 1615 716 velut

137 744 384 776 fundamentum
414 744 556 787 primum
589 750 621 774 et
649 744 823 786 princeps,
860 741 1082 774 commendata
1108 741 1179 774 fuit.
1232 742 1305 772 Fuit
1328 741 1455 772 tandem
1478 742 1615 773 docendi

136 801 218 832 ratio
245 800 382 839 medica,
405 811 488 844 quae
522 800 641 843 primas
673 807 804 831 naturae
837 799 938 837 vires,
971 805 1067 842 atque
1097 799 1138 830 ita
1163 809 1329 830 summum
1355 798 1435 829 illud
1465 799 1614 830 scientiae

137 858 245 888 omnis
268 857 416 900 physicae
435 857 651 900 principium,
678 868 744 887 non
765 856 805 887 ad
829 855 929 887 solam
953 857 1029 886 artis
1052 854 1190 886 formam
1208 855 1507 899 experimentalem‚
1530 855 1612 898 quin

137 914 308 957 etvpariter
335 915 376 945 ad
400 913 640 957 contemplandi
668 920 724 944 aut
749 913 887 944 theoriae
912 913 1090 950 rationem,
1116 919 1213 955 atque
1236 913 1298 943 hoc
1323 918 1415 955 pacto
1443 917 1614 952 Θεραπειᾱν

136 971 240 1013 ipsam
269 971 463 1014 nuperrimis
488 970 621 1013 quidem
649 968 869 1013 temporibus,
898 969 939 999 ad
973 968 1100 1000 firmam
1132 975 1164 1000 et
1197 969 1343 1001 stabilem
1376 968 1541 999 scientiam
1569 979 1618 999 re-

136 1026 221 1061 tulit.

179 1084 218 1114 In
241 1082 396 1114 hodierna
416 1083 513 1125 igitur
539 1082 722 1114 Medicinae
749 1081 958 1120 conditione,
985 1080 1099 1112 nullus
1124 1081 1219 1113 alicui
1249 1081 1389 1113 theoriae
1416 1080 1507 1112 locus
1533 1079 1615 1118 erit,

135 1150 239 1183 quae,
268 1141 340 1182 jure
376 1146 472 1182 atque
497 1139 630 1170 arbitrio
646 1163 655 1177 ,
685 1140 800 1181 praxin
829 1139 930 1181 ipsam
961 1137 1173 1170 determinare
1197 1139 1314 1182 possit,
1338 1137 1427 1169 nulla
1451 1135 1614 1180 profecto,

132 1206 215 1238 quae
242 1196 469 1239 experientiam
496 1195 616 1234 solam,
641 1202 753 1227 testem
779 1205 816 1226 ac
840 1195 1024 1237 magistram
1050 1194 1174 1226 habeat.
1223 1195 1424 1227 Accuratiori
1448 1194 1536 1225 enim
1564 1194 1615 1224 in-

133 1253 246 1283 stituto
281 1253 443 1291 examine,
474 1252 556 1284 bene
591 1252 692 1283 multa
717 1262 784 1283 sese
809 1250 950 1283 offerunt
985 1250 1136 1281 lacunosa
1164 1257 1195 1281 et
1229 1253 1406 1290 contraria,
1437 1257 1531 1293 atque
1558 1261 1613 1281 ex-

132 1309 311 1352 perimenta
339 1310 407 1353 ipsa
438 1309 654 1352 therapeutica
680 1308 843 1351 duplicem
875 1308 1034 1350 aliquem,
1067 1307 1148 1350 quin
1178 1314 1210 1338 et
1239 1307 1413 1351 aliquando
1442 1307 1533 1338 valde
1565 1308 1614 1338 in-

132 1363 257 1397 felicem
284 1373 436 1398 eventum
470 1365 661 1397 habuerunt.
715 1365 869 1408 Idemque
900 1364 983 1395 illud
1011 1363 1159 1395 confiteri
1189 1363 1280 1396 facile
1311 1364 1472 1408 oportebit
1500 1363 1539 1394 de
1563 1374 1619 1394 re·-

132 1420 230 1465 liquis
251 1423 422 1461 omnibus,
444 1434 526 1466 quae
552 1422 614 1454 hoe
642 1422 774 1465 quidem
800 1432 876 1453 cum
905 1421 1041 1453 consilio
1066 1422 1198 1453 inventa
1220 1428 1316 1465 atque
1345 1421 1492 1452 instituta
1517 1426 1610 1460 sunt,

134 1485 172 1510 ut
191 1479 348 1510 Medicina
369 1480 506 1523 praetica
525 1479 566 1511 ad
591 1479 698 1511 solum
726 1479 866 1510 theoriae
895 1477 993 1509 finem
1015 1477 1195 1510 referretur.

177 1537 260 1567 Cum
285 1536 403 1578 igitur,
426 1548 467 1568 ne
493 1537 575 1568 hanc
597 1538 631 1568 in
658 1548 726 1569 rem
751 1536 941 1579 prolixiores
961 1536 1080 1574 simus,
1104 1547 1142 1567 ex
1170 1536 1237 1573 his,
1267 1535 1452 1578 nuperrime
1476 1533 1516 1564 ad
1544 1544 1611 1565 me·

131 1591 271 1623 dicinam
304 1604 390 1625 novo
423 1605 496 1624 cum
531 1593 637 1625 studio
669 1593 791 1631 relatis,
828 1603 910 1635 quae
940 1598 1014 1623 aute
1041 1592 1201 1635 perhibita
1231 1598 1332 1629 sunt,
1364 1591 1608 1623 conclusionem

132 1648 272 1691 aliquam
301 1649 493 1688 efficiamus,
517 1649 606 1681 facile
627 1650 804 1693 apparebit,
827 1650 1047 1680 tractationem
1082 1649 1258 1680 medicinae
1285 1648 1492 1680 scientificam
1519 1658 1609 1690 supe-

132 1706 200 1737 rius
220 1705 322 1737 fuisse
353 1707 485 1746 etata1n3
515 1707 632 1738 multas
660 1707 744 1738 ideas
775 1713 806 1737 et
833 1707 1003 1749 opiniones
1037 1705 1076 1736 ad
1102 1706 1258 1737 veriorem
1283 1707 1359 1736 artis
1385 1704 1520 1736 formam
1555 1715 1607 1734 ac·

129 1763 275 1802 oessiese3
301 1763 447 1796 ordinem
471 1765 571 1807 magis
604 1764 744 1807 logicum
772 1763 811 1795 ad
843 1762 974 1794 morbos
1003 1762 1086 1794 bene
1113 1762 1376 1805 distinguendos,
1412 1762 1476 1792 imo
1505 1767 1535 1792 et
1570 1760 1606 1791 in

131 1820 234 1851 varias
254 1820 367 1852 classes
391 1820 594 1858 referendos,
619 1818 819 1859 obtinuisse3
842 1821 1000 1851 rationem
1031 1819 1126 1862 longe
1154 1819 1380 1851 accuratiorem
1412 1818 1530 1849 virium
1563 1817 1606 1849 vi·

130 1875 268 1916 talium,
300 1884 369 1908 tum
401 1878 441 1909 ad
481 1878 707 1922 explicandum
742 1884 811 1909 tum
849 1877 890 1908 ad
931 1876 1132 1908 tractandum
1170 1883 1287 1907 statum
1315 1875 1527 1911 morbosum,
1558 1874 1607 1904 in·

130 1931 281 1974 ductam,
303 1941 397 1978 atque
419 1934 495 1967 inde
522 1935 732 1967 indicationes
762 1941 793 1966 et
824 1934 992 1978 qualitates
1022 1934 1167 1978 corporis
1198 1932 1368 1966 materialis
1402 1942 1502 1975 magis
1529 1929 1608 1962 defi·

906 1994 929 2022 B
953 2002 971 2022 2
1557 1997 1609 2017 ni-
