1913 2427
217 142 261 182 «A.
599 138 892 173 PETRI
980 136 1358 170 CAMPER'

224 237 310 266 quam
330 228 437 258 Literis
458 227 632 257 imbueretur
653 232 768 261 noster,
790 222 990 260 conscriptae,
1019 231 1087 251 cum
1113 223 1324 260 posterioribus
1352 223 1560 260 speciminibus
1595 231 1741 260 compara·

223 281 332 310 tionem
352 281 556 310 instituamus:
579 279 605 308 si
624 279 767 307 pascham
791 285 857 305 curn
878 275 979 303 ceteris
1004 274 1199 304 conferamus.

264 332 411 368 Primum,
434 332 571 361 unitatem
595 329 751 367 temporis,
774 330 804 357 in
827 327 928 356 ceteris
950 325 1007 354 fere
1032 326 1165 355 omnibus
1193 327 1287 356 nostri
1313 326 1524 364 speciminibus
1551 332 1627 355 recte
1647 327 1746 355 obser.

226 390 338 418 vatam,
359 383 389 412 in
412 383 529 411 Pascha*
551 382 658 411 nullam
681 380 854 409 invenimus.
895 378 1042 414 Congesta
1058 385 1126 407 sunt
1144 387 1201 407 una.
1219 379 1290 407 serie
1314 378 1404 414 facta,
1433 385 1524 414 quae,
1545 385 1577 406 ut
1595 378 1746 406 minimum

229 441 411 470 statuamus,
433 434 541 462 blennii
564 432 689 470 spatium
712 431 844 469 profecto
867 429 1053 466 requisivere.

265 486 378 515 Deinde
403 485 460 514 loci
484 485 578 513 unitas
603 485 694 513 nuila.
735 484 768 512 ln
792 490 900 519 pascua
921 481 994 510 enirn
1015 486 1043 508 et
1059 486 1137 517 prata
1156 481 1282 518 Moysis,
1304 482 1407 518 procul
1423 487 1498 509 certe
1518 489 1534 509 a
1555 480 1645 516 Regia
1670 479 1749 508 Pha-

231 538 354 566 rah'mtm
384 536 458 571 sita,
492 535 600 572 Regem
629 534 830 572 processisse,
860 533 939 562 omni
971 532 1026 561 fide
1053 539 1143 561 vacat.
1194 532 1389 561 Concluditur
1419 531 1578 568 Tragoedia
1607 531 1749 560 sacrificio

229 588 356 625 Moysis,
378 588 459 624 quod
479 586 638 616 certissime
661 586 690 615 in
715 586 827 623 objecta
849 585 947 614 Rubri
969 583 1072 612 Maris
1097 583 1158 619 ripa
1183 583 1321 612 obtinuit.

255 640 408 668 ⁴Actiones
431 639 524 668 multo
547 638 636 675 magis
659 638 732 667 inter
757 646 787 666 se
809 637 983 672 discrepant.

261 691 337 719 Fide
356 698 475 726 prorsus
499 696 574 718 caret
587 710 597 725 ,
619 688 768 724 colloquia
790 688 916 724 Moysem
932 687 1006 714 inter
1028 691 1055 715 et
1071 685 1184 722 Deum
1206 685 1298 713 minas
1320 684 1354 713 ab
1371 683 1580 722 Aegyptiorum
1596 682 1752 712 Pharaone

237 750 298 772 non
319 741 484 776 exauditas3
508 741 665 769 earumdem
686 745 817 768 eventum
824 747 838 774 5
861 738 942 766 triste
956 737 1050 774 ipsius
1071 736 1238 764 Pharaonis
1255 736 1390 772 exitium;
1412 735 1538 772 Moysis,
1561 734 1696 763 omnibus
1714 735 1753 763 la·

231 792 353 822 boribus
377 791 505 820 toleratis
524 798 552 819 et
571 790 713 826 peractis,
736 790 855 819 solenne
878 787 1071 824 sacrificium,
1093 796 1153 817 uno
1173 796 1247 816 anno
1265 787 1323 816 fieri
1342 786 1492 823 potuisse;
1515 785 1621 821 quodsi
1634 785 1669 814 acl
1683 785 1752 813 haec

231 844 388 881 peragenda
416 843 484 872 anni
516 842 643 879 spatium
675 850 734 871 non
763 840 925 870 suffecerit:
957 848 1079 876 quanam
1108 838 1217 868 ratione
1247 847 1306 867 uno
1330 837 1482 866 duobusve
1505 837 1622 872 diebus,
1651 836 1753 873 (quod

235 895 362 931 spatium
387 894 416 922 in
441 893 519 923 omni
542 893 721 930 Tragoedia,
742 892 843 929 paucis
867 892 1014 928 exceptis,
1044 892 1097 921 hac
1118 891 1181 928 ipsa
1206 891 1240 919 de
1261 897 1363 918 caussa
1385 888 1513 917 unanimi
1538 888 1666 917 omniurn
1683 895 1753 917 con-

233 954 321 974 sensu
343 945 501 980 damnatis,
522 944 719 981 requiritur),
741 944 796 972 ista
814 944 909 972 omnia
934 944 1061 973 accidere
1080 942 1261 980 potuerunt?

272 997 318 1025 De
339 997 491 1026 nominum
517 997 682 1033 promiscua
705 1002 733 1025 et
746 996 875 1038 *absurda
898 997 1050 1034 congerie,
1079 996 1114 1024 de
1136 994 1192 1023 diis
1211 992 1352 1022 Romanis
1375 991 1410 1020 ab
1431 991 1571 1029 Aegyptio
1597 989 1754 1019 Pharaone

236 1047 404 1083 invocatis,
426 1048 539 1077 tacebo.
581 1048 648 1077 Hoc
665 1047 739 1076 enim
762 1048 837 1077 vitio
860 1048 928 1077 alias
954 1049 1038 1078 etiam
1060 1047 1152 1077 nostri
1176 1045 1350 1083 Tragoedias
1375 1043 1501 1073 laborare
1521 1050 1647 1072 constat.

267 1099 330 1136 Jam
354 1100 417 1128 loca
434 1099 596 1135 nonnulla,
624 1107 658 1128 ex
675 1099 762 1128 hacce
781 1105 808 1128 et
829 1099 1041 1136 posterioribus
1064 1097 1231 1135 Tragoediis
1248 1097 1398 1130 desumta,
1419 1101 1446 1124 et
1461 1094 1593 1131 parallela
1610 1093 1686 1129 fere,
1712 1092 1756 1122 in-

200 1146 209 1150 ⁷
237 1155 281 1179 ter
299 1157 330 1178 se
354 1141 559 1186 conferamus,
583 1156 611 1179 et
631 1151 756 1186 primurn
783 1150 897 1186 quidem
921 1151 1089 1181 Pharaonis
1114 1157 1140 1179 et
1161 1148 1288 1178 Danaidis
1307 1147 1408 1185 Regno
1433 1147 1544 1176 redditi
1564 1147 1599 1175 de
1628 1146 1754 1175 filiorum

235 1207 330 1230 morte
350 1201 478 1237 querelas
507 1192 549 1230 in'
565 1201 621 1230 hoc
643 1207 859 1238 congruentes,
887 1202 966 1238 quod
986 1201 1113 1232 Davides
1136 1200 1187 1229 filii
1209 1205 1329 1229 mortem
1346 1198 1403 1227 sibi
1427 1198 1567 1235 imputet,
1589 1204 1617 1226 et
1640 1204 1755 1226 summo

237 1251 300 1289 jure
320 1251 403 1280 triste
424 1251 477 1280 filii
494 1252 540 1280 sui
568 1252 687 1282 exitium
715 1252 773 1282 sibi
798 1252 919 1282 Pharao
938 1253 1079 1290 imputare
1102 1251 1242 1281 debuerit.
1283 1249 1340 1280 Hic
1353 1249 1443 1287 igitur
1458 1249 1550 1288 (Act.
1565 1248 1620 1279 lV.
1643 1256 1687 1277 sc.
1703 1247 1757 1284 1.)

238 1303 310 1335 satis
332 1302 436 1343 frigide
455 1309 486 1332 et
504 1303 615 1341 inepte:

426 1401 446 1418 „
465 1381 533 1419 Hy,
556 1382 601 1410 die
620 1389 655 1410 na
677 1388 782 1418 mynen
803 1381 867 1419 tydt
888 1390 945 1411 zou
965 1382 1109 1421 Memphis
1130 1388 1216 1411 troon
1235 1379 1430 1416 beklimmen,

430 1452 450 1468 ,‚
469 1432 516 1462 En
536 1433 578 1461 als
599 1441 649 1461 een
669 1433 791 1469 kleynen
812 1432 894 1461 Godt
915 1434 956 1462 dit
976 1434 1093 1462 aei-dsch
1115 1434 1209 1462 toneel
1229 1432 1427 1461 beschimmeu
1444 1440 1456 1467 3

427 1503 445 1518 ‚‚
466 1482 535 1518 Hy,
556 1483 602 1511 die
622 1492 660 1519 op
683 1483 705 1511 ’t
725 1484 824 1520 hoogh
847 1485 974 1520 gestoelt-
988 1493 1044 1513 van
1062 1483 1089 1512 ’s
1111 1483 1242 1520 Konings
1264 1483 1412 1520 maiesteyt

435 1553 454 1569 ,‚
473 1533 548 1562 Dees
569 1534 688 1562 dobbelt
707 1542 806 1571 groote
826 1534 926 1563 Kroon
947 1535 1019 1563 alree
1038 1543 1098 1563 was
1120 1540 1286 1571 toegeseyt3

427 1604 447 1620 „
466 1583 536 1620 Hy,
557 1585 602 1613 die
621 1585 680 1613 niet
699 1585 810 1613 minder
829 1594 887 1614 zou
907 1586 948 1615 als
971 1595 1029 1622 zyn
1049 1585 1124 1614 Half
1141 1583 1438 1614 Gotschvoorouders

432 1654 453 1671 „
471 1635 505 1664 In
525 1634 759 1664 d'edelschoenen
779 1635 878 1671 treen,
899 1644 953 1672 en,
975 1637 1083 1672 Atlas,
1105 1637 1174 1665 deze
1194 1635 1352 1666 schouders

433 1706 452 1723 „
472 1686 624 1715 Ontlasten
644 1694 698 1716 van
717 1686 771 1715 den
790 1687 864 1722 last,
886 1686 932 1715 die
950 1695 1055 1724 mynen
1075 1687 1170 1716 ouden
1191 1687 1265 1723 dagh
1302 1716 1305 1718 .

440 1757 460 1773 „
478 1737 550 1765 Vcel
569 1737 796 1774 kommerlycker
814 1738 894 1772 vait,
915 1738 970 1767 dan
990 1746 1029 1774 zy
1049 1744 1076 1766 te
1096 1746 1183 1766 voren
1202 1737 1311 1774 plagh3

430 1808 449 1823 „
469 1788 560 1816 Diens
582 1788 715 1824 opgangh
738 1789 834 1817 helder
853 1788 979 1824 scheen,
1000 1789 1043 1817 als
1065 1788 1087 1816 't
1106 1788 1177 1816 licht
1197 1788 1245 1816 der
1265 1794 1513 1826 morgensonnen;

438 1859 458 1873 ‚,
477 1839 541 1867 Den
562 1837 696 1875 middagh
718 1845 834 1875 grooter
853 1839 920 1868 hitt’
939 1847 974 1869 en
995 1839 1172 1876 klaerigheyt
1192 1845 1220 1867 te
1236 1839 1364 1876 jonnen3

433 1909 452 1924 „
472 1889 561 1918 Diens
582 1896 652 1924 rype
670 1890 748 1926 jarcn
767 1898 817 1926 my
836 1891 899 1919 veel
919 1891 1001 1927 heyls
1023 1891 1133 1919 hadden
1155 1889 1284 1926 belooft3

428 1958 448 1976 „
466 1939 530 1970 Den
549 1948 638 1971 eeneu
657 1940 780 1970 Pharao
801 1941 856 1972 deu
878 1941 984 1972 andren
1003 1941 1029 1971 is
1051 1939 1223 1972 ontrooft.”
