1913 2427
133 864 186 919 Si
212 876 291 923 quid
313 877 373 909 erit
391 876 426 908 in
450 886 502 908 me
529 874 672 920 ingenii,
695 873 886 912 Auditores‚
909 872 999 917 quod
1028 873 1132 905 sentio
1162 882 1265 916 quam¹
1285 872 1326 904 sit
1349 870 1521 914 exiguum,
1546 873 1602 899 aut

131 935 160 967 si
184 936 290 978 aliqua
313 934 388 965 artis
415 932 554 964 medicae
575 933 758 964 exercitatio
800 932 833 962 in
858 942 922 974 qua
951 941 1001 961 me
1027 941 1093 961 non
1126 930 1186 961 nisi
1213 929 1414 960 mediocriter
1441 931 1612 958 versatum.

129 1003 198 1024 esse
223 991 399 1035 persenti03
421 996 476 1021 aut
496 992 523 1021 si
546 989 595 1021 vel
619 989 725 1032 aliqua
744 987 871 1020 dicendi
894 988 991 1025 rati0‚
1014 998 1032 1018 a
1059 987 1191 1030 reliquis
1216 985 1460 1028 disciplinarum
1488 981 1604 1014 studiis

131 1048 298 1093 profecta,
330 1057 411 1089 qnae
444 1047 553 1077 omnia
588 1046 747 1088 Magistris
766 1069 774 1084 ,
805 1043 924 1086 quibus
957 1043 1035 1075 olim
1071 1054 1150 1075 usus
1185 1043 1250 1082 fui,
1273 1043 1403 1086 opti-mis
1425 1047 1604 1080 eorumque

131 1104 308 1150 praeceptis
333 1104 462 1145 potins,
485 1113 581 1145 quam
607 1102 739 1145 proprio
762 1101 872 1138 murti,
897 1111 949 1131 me
976 1100 1092 1131 debere
1121 1099 1268 1132 lubenter
1293 1098 1469 1135 confiteor‚·
1493 1097 1604 1127 timen-

131 1162 157 1192 ti
181 1168 285 1191 tamen
309 1159 387 1190 mihi
415 1169 453 1189 ac
476 1157 565 1190 facile
594 1158 741 1189 trementi
771 1163 925 1188 terrorem
957 1157 1072 1187 incutit
1096 1167 1180 1188 nova
1205 1156 1360 1188 Athenaei
1390 1150 1604 1186 Amstelaeda-

132 1218 271 1254 mensis,
307 1225 403 1258 quam
434 1215 622 1258 imprudens
652 1214 732 1245 forte
765 1220 796 1244 et
829 1213 976 1243 incautus
1014 1214 1164 1256 suscepi,
1195 1213 1379 1255 provincia,
1412 1218 1482 1242 tum
1512 1209 1606 1240 locus

132 1274 201 1317 ipse
227 1279 257 1304 et
290 1282 389 1314 qnam
418 1271 567 1302 adscendi
593 1270 764 1307 cathedra,
793 1280 811 1300 e
833 1269 904 1311 quzi‘
923 1269 1075 1300 dixerunt
1102 1269 1180 1300 olim
1207 1269 1288 1306 viri,
1322 1269 1470 1299 omnium
1496 1266 1606 1298 omnis

129 1329 256 1373 generis
289 1328 507 1360 doctrinarum
538 1334 569 1359 et
602 1327 842 1370 disciplinarum
876 1325 970 1356 laude
1001 1326 1214 1363 ornatissimi,
1244 1336 1261 1356 e
1285 1324 1349 1368 qua
1371 1331 1402 1356 et
1431 1323 1526 1355 hodie
1552 1324 1604 1354 in-

129 1387 244 1429 primis
275 1385 401 1417 summfi
432 1395 505 1415 cum
532 1383 742 1415 admiratione
761 1382 971 1425 contemplari
999 1383 1080 1413 mihi
1096 1383 1255 1425 contingit
1283 1381 1422 1425 effigiem
1440 1382 1606 1419 virorum,

129 1442 170 1474 de
205 1441 400 1473 nostratibus
432 1448 527 1484 atque
551 1442 667 1472 exteris
695 1441 814 1483 optime
842 1441 1051 1477 meritorum,
1080 1450 1224 1481 quornm
1248 1438 1330 1469 fama
1366 1439 1482 1469 eximia
1505 1443 1604 1479 atque

130 1498 299 1541 disciplina
324 1498 364 1529 ad
396 1509 516 1538 unam,
547 1509 616 1529 non
646 1498 752 1529 dicam
780 1499 965 1539 Europam,
995 1495 1051 1526 sed
1076 1495 1116 1526 ad
1143 1506 1273 1527 omnem
1302 1502 1457 1529 terrarum
1491 1493 1606 1525 orbem

129 1561 347 1599 pervaserunt,

175 1612 330 1652 Quamvis
354 1613 441 1642 enim
468 1611 508 1643 ad
532 1612 720 1655 erigendum
751 1613 896 1643 animum
923 1622 1031 1644 meum
1059 1612 1169 1655 J‘u'vet,
1198 1610 1287 1654 quod
1312 1611 1347 1641 in
1379 1609 1534 1652 religione
1555 1607 1607 1639 of·

131 1668 196 1700 sicii
227 1668 450 1700 collocandum
475 1669 629 1708 arbitror,
652 1670 878 1712 magistrorum
901 1670 1099 1712 optimorum
1131 1669 1357 1711 praeconinm3
1380 1668 1528 1710 quamvis
1552 1665 1604 1697 vel

131 1725 190 1756 hac
227 1726 392 1756 occasione
423 1727 602 1768 gratissimo
634 1736 709 1756 cum
746 1726 855 1757 animo
890 1726 1019 1756 laudare
1053 1726 1256 1759 vehementer
1284 1736 1352 1755 non
1386 1724 1506 1767 possim
1534 1732 1603 1753 non

130 1783 216 1813 viros
249 1781 333 1820 illos,
368 1783 402 1812 in
428 1789 492 1813 arie
521 1783 577 1813 sua
611 1783 827 1824 pereximios-,
865 1793 1218 1819 sannironrinm,
1248 1790 1600 1818 oosrizixnvssium,

130 1849 410 1877 ΡΑιιΛυιειῡΜ,
443 1839 634 1870 clarissimos
662 1839 826 1882 quondam
858 1839 1045 1870 Academiae
1080 1838 1412 1881 Lugduno-Batavae
1445 1836 1603 1868 Professo-

130 1906 195 1932 res,
218 1895 275 1937 qui
307 1896 480 1938 praeceptis
513 1897 579 1928 suis
606 1903 700 1939 atque
735 1897 992 1927 institutionibus
1016 1896 1211 1938 singularem
1247 1895 1470 1937 cujuscunque
1507 1903 1603 1934 gene-

131 1952 176 1984 ris
201 1950 455 1984 benevolentiam
478 1952 519 1985 ad
546 1953 651 1986 studia
678 1963 748 1985 mea
768 1953 1001 1992 contuleruut-7
1021 1954 1168 1996 quamvis
1192 1951 1243 1984 vel
1262 1962 1313 1983 me
1329 1950 1491 1983 eruditum
1507 1950 1604 1980 etiam

911 2011 943 2042 A
970 2009 988 2041 3
1515 2015 1602 2048 prae-
