1913 2427
234 119 280 172 5¹3
476 135 1453 181 ¹a.n.*ru-oanncnn.

247 244 272 262 „
295 223 424 252 homines
441 231 507 252 cum
521 223 584 252 Diis
601 224 721 260 putandi
735 231 850 253 sumus.
889 221 966 250 Inter
982 230 1057 258 quos
1075 230 1160 258 porro
1177 227 1219 251 est
1232 221 1397 251 communio
1415 220 1502 258 legis,
1524 220 1596 250 inter
1613 229 1664 250 eos
1677 228 1758 250 com«

249 296 274 312 ,,
295 275 393 305 munio
399 276 472 311 juris
484 282 538 304 est.
559 275 674 314 Quibus
691 281 782 304 autem
799 274 866 302 haec
883 279 952 302 sunt
966 273 1099 303 intereos
1114 273 1296 307 communia,
1307 279 1340 301 et
1352 273 1481 301 civitatis
1494 273 1618 309 ejusdem
1636 271 1759 302 habendi

249 347 274 363 ,,
296 332 381 355 sunt:
404 327 429 355 si
443 335 510 356 vero
529 318 626 355 iisdem
642 326 768 362 imperiis
785 332 811 354 et
828 324 1021 362 potestatibus
1036 332 1157 361 ,parent3
1180 325 1273 356 multo
1288 324 1372 357 etiam
1396 324 1484 360 magis
1500 332 1596 359 parent
1609 324 1675 352 huic
1695 331 1761 352 coe-

251 398 277 413 „
297 377 362 406 lesti
386 378 591 414 descriptioni,
618 377 761 412 mentique
784 376 897 411 divinaei
916 382 943 417 et
962 377 1138 412 praepotenti
1159 377 1239 412 1)eo;
1261 375 1542 412 urJamnnivei-sus
1559 375 1606 403 hic
1632 375 1757 403 mundus

254 448 279 464 „
302 437 356 456 una
366 427 467 456 civitas
481 429 645 467 communis
660 429 786 463 Deorum
800 434 886 463 atque,
896 427 1048 465 *hominum
1066 428 1270 456 existimanda:
1290 435 1321 457 et
1335 427 1414 465 quod
1427 427 1457 455 in
1467 424 1766 456 2clvitatibusaatione

253 500 280 516 „
302 479 441 514 quadam,
469 480 671 516 agnationibus
696 479 867 515 familiarum
891 479 1108 515 distinguuntur
1124 485 1244 513 status,
1264 478 1302 508 fid
1322 478 1351 507 in
1379 486 1469 506 rerum
1498 484 1597 506 natura
1620 482 1700 505 tanto
1716 480 1767 505 ‚est

258 550 283 566 ,,
305 530 554 566 magnificentius,
578 538 717 567 tantoque
735 531 928 568 praecia-rius,
957 536 989 558 ut
1004 530 1134 559 homines
1149 530 1191 558 D-
1195 538 1274 558 orum
1295 529 1446 566 agnatione
1461 534 1488 557 01
1513 535 1594 565 gente
1609 533 1768 556 teneantur.

262 600 287 619 „
305 581 401 616 Nam,
425 591 490 610 cum
512 583 547 610 de
569 588 668 611 natura
691 582 769 612 omni
790 582 952 619 quaeritur,
973 581 1113 617 disputari
1138 583 1233 616 50101,
1255 581 1306 618 (et
1326 580 1473 609 nimirum
1471 580 1519 608 ita
1540 585 1636 614 sunt,
1654 584 1701 606 ut
1712 577 1771 606 dis-

264 652 288 669 „
309 639 448 668 putantur
456 634 471 671 )
485 633 630 672 perpetuis
643 634 800 669 cursibus,
819 633 1056 663 conversionibus
1069 633 1257 668 coelestibus,
1275 631 1402 662 extitisse
1418 632 1568 667 quamdam
1581 629 1772 661 maturitatem

261 703 286 719 „
308 684 416 712 serendi
438 683 546 720 generis
571 684 705 713 humani:
729 685 808 720 quod
831 692 963 720 sparsum
988 684 1018 712 in
1038 689 1125 715 terras
1146 690 1230 719 atque
1252 689 1367 717 satum,
1385 683 1488 712 divino
1509 688 1626 712 auctum
1654 680 1694 709 sit
1712 678 1773 708 ani-

261 754 286 771 „
307 743 418 775 morum
444 742 578 763 munere:
599 743 724 771 cumque
746 736 818 770 alia,
841 735 947 771 quibus
966 735 1116 762 cohaerent
1138 735 1284 769 homines,
1306 743 1321 762 e
1343 734 1456 763 mortali
1478 741 1576 770 genere
1597 729 1774 764 sumserint,

262 805 289 821 ,‚
307 794 380 821 quae
404 785 515 823 fragilia
535 792 649 821 essent,
670 793 696 814 et
721 787 846 821 caduca,
867 785 992 814 animum
1013 792 1107 815 tamen
1129 794 1192 815 esse
1210 786 1403 822 ingeneratum
1424 793 1439 812 a
1456 785 1537 819 Deo;
1567 791 1601 812 ex
1623 790 1683 818 quo
1709 787 1775 809 vere

264 856 289 872 „
309 838 355 865 vel
375 837 488 873 agnatio
505 837 592 866 nobis
615 845 680 865 cum
703 837 901 873 coelestibus,
921 838 966 865 vel
991 845 1101 873 genus,
1125 837 1171 865 vel
1193 836 1301 872 stirps,
1326 836 1460 872 appellari
1484 840 1600 871 potest;
1626 833 1722 868 itaque
1740 838 1775 860 ex

265 902 290 923 ς,
311 893 356 915 101
380 888 530 924 generibus
559 889 671 917 nullum
696 895 738 918 est
760 889 883 923 animal,
911 894 1019 924 praeter
1051 887 1218 922 hominem,
1252 888 1331 922 quod
1362 887 1462 915 habeat
1490 885 1622 914 notitiam
1647 883 1774 918 aliquam

265 958 289 973 „
309 938 382 973 Dei,
404 938 536 974 ipsisque
557 939 586 967 in
601 939 766 968 hominibus
792 940 869 967 nulla
890 947 958 979 gens
980 945 1043 973 est,
1072 946 1166 974 neque
1194 945 1251 966 tam
1273 939 1477 972 immansueta,
1503 943 1595 971 neque
1615 942 1672 963 tam
1693 933 1776 968 fera,

266 1009 290 1025 ,,
311 997 383 1024 quae
405 997 484 1024 non,
505 989 618 1019 etiamsi
637 990 767 1027 ignoret,
789 990 899 1025 qualem
919 989 1020 1018 habere
1047 990 1138 1019 Deum
1159 990 1290 1029 deceat,
1299 995 1394 1018 tamen
1417 987 1578 1017 habendum
1601 986 1683 1015 sciat.
1725 984 1774 1021 Ex

265 1060 290 1076 ,,
313 1049 372 1075 (1110
397 1040 516 1069 efficitur
543 1041 642 1077 illud,
658 1048 691 1070 111
710 1041 739 1070 15
755 1047 892 1078 agnoscat
910 1040 1045 1076 Deum,
1046 1041 1124 1078 qui,
1150 1041 1225 1070 unde
1249 1046 1331 1069 ortus
1359 1039 1417 1076 sit,
1446 1039 1532 1076 quasi
1557 1037 1721 1067 recordetur
1747 1041 1781 1065 ac

265 1111 290 1127 „
311 1098 425 1120 noscat.

305 1141 362 1171 Sed
383 1143 437 1172 alia
460 1142 543 1187 etiarn
565 1145 675 1187 ratione
697 1145 828 1185 homines
849 1144 916 1173 Diis
937 1143 1072 1185 devincti
1083 1151 1197 1181 sumus.
1228 1180 1233 1181 V
1251 1178 1253 1180 Ι

310 1214 329 1230 ,,
349 1184 429 1223 Sit’
457 1203 559 1231 nempe
588 1215 606 1230 ,‚
626 1195 682 1224 hoc
702 1204 717 1224 a
743 1195 887 1232 principio
913 1182 1079 1232 persuasum
1106 1195 1260 1232 omnibus,
1278 1175 1429 1225 dominos
1441 1175 1506 1224 esse
1535 1191 1665 1222 omnium
1689 1169 1782 1218 rerum

275 1264 294 1281 „
314 1254 345 1273 ac
371 1246 562 1275 moderatores
581 1246 679 1281 Deos,
699 1255 806 1282 eaque,
829 1255 902 1282 quae
917 1253 1065 1284 gerantur,
1087 1255 1184 1275 eorum
1200 1247 1258 1283 geri
1278 1247 1387 1276 ditione
1403 1255 1435 1275 ac
1456 1244 1587 1274 numine.
1610 1242 1787 1276 eosdemque

274 1316 294 1333 „
314 1296 421 1332 optime
441 1293 476 1325 de
504 1304 604 1334 genere
620 1297 769 1325 hominum
787 1297 902 1332 merem
926 1303 953 1325 et
969 1298 1062 1333 qualis
1086 1299 1210 1333 quisque
1226 1297 1282 1332 sit,
1305 1298 1376 1333 qnid
1397 1304 1478 1333 agat,
1499 1296 1569 1332 quid
1585 1294 1615 1323 in
1634 1301 1664 1322 se
1683 1291 1787 1330 admite

275 1367 297 1389 ,,
314 1354 374 1383 tat,
398 1355 454 1383 qua
475 1354 584 1383 mente,
606 1356 662 1383 qua
677 1348 782 1384 pictate
800 1348 877 1376 colat
897 1348 1070 1384 religiones,
1093 1348 1216 1384 intueri,
1244 1349 1416 1384 piorumque
1443 1354 1469 1375 et
1500 1346 1654 1383 impiorum
1682 1342 1785 1371 habere

273 1419 292 1435 „
312 1399 462 1427 rationem.
501 1399 557 1427 His
580 1399 654 1427 enim
677 1399 763 1428 rebus
788 1399 914 1427 imbutae
948 1407 1055 1428 mentes
1084 1400 1159 1428 haud
1191 1408 1257 1428 sane
1282 1399 1476 1428 abhorrebunt
1492 1398 1540 1437 ‚ab
1564 1395 1634 1424 vutili
1657 1403 1690 1424 ac
1718 1400 1786 1430 vera

276 1470 295 1485 „
316 1449 495 1479 „sententia”
516 1450 575 1486 (da
591 1449 681 1488 chg.
700 1450 736 1478 ΙΙ.
758 1451 814 1487 7.)
854 1450 954 1485 Itaque
974 1451 1048 1487 juris
1066 1450 1209 1487 principia
1231 1460 1245 1478 a
1267 1458 1386 1486 natura,
1411 1449 1554 1486 petiturus
1571 1446 1667 1483 primo
1685 1443 1785 1481 poscit

277 1501 377 1530 Cicero
399 1506 430 1528 ut
450 1500 507 1529 slbl
519 1501 618 1536 detur,
650 1521 674 1536 „
693 1501 820 1530 Deorum
845 1501 1049 1530 immortalium
1070 1519 1108 1526 —-
1128 1503 1174 1538 vi,
1196 1509 1313 1537 natur-,a
1340 1501 1467 1536 ratione,
1490 1503 1652 1535 potestate,
1672 1501 1785 1533 mente,

278 1571 299 1589 ,‚
318 1552 455 1588 numine,
473 1559 601 1580 naturam
618 1560 730 1580 omnem
748 1552 817 1590 regi.
828 1551 847 1564 ’⁵
869 1552 924 1588 (cla
945 1553 1034 1590 Legg.
1056 1553 1083 1582 1.
1105 1555 1156 1592 7.)
1187 1574 1205 1588 ‚,
1226 1554 1304 1582 Zeno
1320 1553 1394 1582 dixit
1409 1569 1444 1575 —
1461 1553 1494 1580 de
1510 1549 1628 1579 maxima
1644 1556 1673 1576 re
1687 1554 1784 1587 —eo-

279 1623 299 1644 ,,
319 1604 379 1632 dem
405 1604 509 1632 modo:
531 1603 626 1632 divina
647 1610 740 1632 mente
756 1610 847 1639 atque
871 1610 971 1632 natura
989 1605 1143 1646 mundum
1151 1605 1338 1642 universum,
1355 1611 1452 1641 ‘atque
1475 1603 1538 1640 ejus
1562 1600 1698 1645 maximas
1717 1605 1788 1636 par·

281 1674 300 1692 „
320 1662 364 1684 tes
389 1654 623 1683 1111111111151111111Ῥ
645 1654 703 1690 (de
722 1656 789 1684 Fin.
811 1655 862 1684 IV.
883 1656 938 1693 5.)
975 1675 997 1691 ⁸„
1014 1664 1101 1692 'quarn
1129 1656 1197 1687 vim,
1215 1657 1339 1685 animum
1362 1663 1424 1684 esse
1442 1654 1543 1683 dicunt
1568 1651 1687 1686 mnndi,
1704 1657 1788 1690 ⁴eam--

280 1726 300 1742 n
318 1707 439 1742 demque
468 1714 530 1735 esse
561 1713 681 1735 mentem
716 1706 944 1743 sapientiamque
969 1706 1147 1742 perfectam,
1176 1716 1260 1743 quem
1281 1708 1374 1736 Deum
1403 1706 1572 1743 appellant,
1600 1701 1789 1740 omniumque

283 1777 303 1793 „
322 1766 435 1793 rerum,
467 1765 539 1793 quae
559 1763 629 1786 sunt
654 1757 678 1785 ei
707 1757 850 1794 subjectae
860 1778 883 1793 ‚.
901 1757 984 1794 quasi
1005 1759 1198 1794 prudentiam,
1219 1760 1367 1795 quamdam
1380 1779 1392 1793 ,
1423 1761 1625 1793 procurantem
1644 1749 1786 1798 coelesti!

283 1827 303 1843 ,‚
323 1809 457 1837 maxime:
488 1809 588 1837 deinde
610 1808 639 1838 in
656 1809 736 1838 terris
757 1818 808 1845 ea,
837 1817 911 1846 quae
933 1809 1076 1846 pertinent
1104 1811 1139 1838 ad
1162 1810 1302 1839 homines.
1318 1809 1337 1822 ’'
1357 1807 1478 1846 (Acad.
1499 1807 1520 1835 1.
1543 1808 1595 1837 8.)
1636 1825 1655 1840 ‚‚
1674 1800 1784 1847 Suntf’

277 1866 374 1898 autem
403 1881 427 1896 „
448 1859 619 1896 Philosophi
640 1867 668 1889 et
689 1860 824 1894 suerunt,
850 1860 1039 1899 quiomnino
1060 1861 1296 1890 nullam-*habere
1320 1866 1465 1890 censerent
1482 1858 1782 1894 humanarumretum

275 1928 300 1946 n
319 1911 550 1947 procurationem
569 1911 662 1957 Deos.
707 1912 840 1951 Quorum
868 1912 893 1942 si
914 1921 979 1942 vera
998 1911 1137 1949 sententia
1159 1918 1225 1949 est,
1253 1919 1325 1948 quae
1348 1916 1447 1949 potest
1474 1916 1536 1938 esse
1563 1907 1655 1944 pietas
1667 1905 1691 1941 ἲ,
1709 1911 1783 1944 213²?

1682 1975 1702 1991 „
1721 1962 1784 1984 san·
