1913 2427
395 142 879 176 DISSERTATIO
945 145 1348 178 LITERARIA.
1595 141 1634 174 15

133 233 192 262 <Et
217 231 340 260 maximo
356 231 418 267 jure
439 230 478 258 ita
498 230 543 259 vir
560 239 709 259 summus:
737 230 850 267 Ecquis
872 232 944 261 enim
969 233 1008 261 ita
1025 239 1069 261 est
1089 232 1216 268 ferreus,
1244 241 1345 269 quern,
1368 231 1397 260 in
1423 232 1475 260 hac
1498 231 1625 267 Tragoe-

109 285 173 319 dia,
196 282 385 311 Badelocham
409 281 595 317 excrucians,
616 283 651 310 de
672 291 749 311 sorte
773 282 952 312 dilectissimi
969 282 1085 320 mariti,
1107 286 1253 320 anxietas,
1274 291 1303 313 et
1324 283 1503 312 Badclochae
1532 282 1624 310 fatum

111 344 171 365 non
194 333 394 363 commoveat?
435 333 527 371 Quem
557 341 616 362 non
649 333 800 370 Gozewym‘
822 334 992 372 Aemrtelii,
1020 337 1192 374 integerrimi
1215 337 1292 365 senis
1310 358 1320 372 ,
1349 337 1500 373 ingruente
1521 333 1624 362 mortis

110 384 265 422 periculo,
299 392 416 414 serenus
448 385 559 413 animus
595 385 774 414 veneratione
801 388 948 422 complet?
987 388 1062 426 Quis
1089 397 1148 417 non
1176 389 1206 418 in
1231 388 1343 426 virgine
1369 387 1520 421 Clarissd,
1550 383 1626 413 virili

109 438 243 474 majorem
268 436 423 471 virtutem,
445 444 510 472 erga
533 443 639 472 patrem
665 436 815 472 pietatem,
838 436 979 473 fidemque
1002 439 1212 474 intemeratam,
1235 439 1344 467 meliori
1364 445 1441 468 sorte
1456 438 1557 473 dignas
1579 443 1623 464 ar-

107 489 248 524 bitretur,
268 487 403 523 dirasque
427 497 526 516 omnes
561 488 590 517 in
618 489 785 517 sceleratum
805 487 978 517 Haemstedii
1009 497 1093 526 caput
1122 491 1312 527 imprecetur,
1342 491 1442 519 Choro
1476 489 1526 517 illo
1558 486 1622 524 pul-

106 540 226 569 cerrimo
248 538 302 576 (in
321 539 377 568 fine
400 539 493 568 Actus
515 540 594 578 111.)
616 547 801 575 commotus,
822 539 961 576 maxima,
983 542 1016 570 de
1037 549 1140 571 eventu
1156 543 1224 571 adeo
1243 542 1407 578 insperato,
1427 540 1534 569 laetitia
1556 546 1621 575 per-

103 591 263 623 fundatur?

143 643 224 681 Quae
246 642 271 671 si
292 648 475 679 reputemus,
502 642 528 671 si
556 642 702 672 videamus
730 641 948 679 elegantissimis
980 643 1112 673 versibus
1148 642 1217 672 vitia
1248 642 1428 680 compensati
1459 640 1619 675 nonnulla,

104 694 208 732 (verbi
224 702 346 728 caussa,
371 694 487 723 Choros
510 695 587 723 haud
607 704 735 732 anCOS,
756 703 815 724 non
839 701 1020 732 expectatos,
1041 696 1194 731 prologum
1217 695 1301 724 nimis
1326 701 1480 731 magnum,
1501 691 1617 720 alterius

102 752 185 774 actus
206 746 357 774 secundam
385 753 516 781 scenam,
545 746 573 774 in
596 755 680 782 quam
703 747 824 775 Horam·
852 754 1057 782 praeceptum,
1085 747 1213 776 versibus
1240 747 1373 784 Tragicis
1394 755 1454 774 rem
1475 745 1619 773 Comicam

102 803 158 825 non
188 806 243 825 esse
270 799 508 835 exprimendam,
539 797 625 824 nimis
648 798 785 832 quadrare
810 797 923 825 videtur
945 799 1053 835 (14),
1078 798 1222 834 Angelum
1247 797 1480 836 Raphafilcmfin
1505 802 1618 825 scenam

101 855 250 884 propterea
271 854 422 882 vocatum,
445 845 524 886 quod
539 847 621 876 aliam
636 847 737 876 salutis
759 847 898 884 Gysberto
920 847 1048 877 ferendae
1069 848 1322 877 viamf'otzdclius
1342 856 1401 876 non
1421 846 1619 884 perspexerit)

100 899 181 929 vitiis
212 900 270 928 illis
301 899 384 928 facile
408 897 789 937 ignosceiidotrrspecimen
811 899 907 935 ilud,
936 900 1016 936 quod
1042 906 1069 929 et
1093 900 1178 929 hodie
1203 906 1325 936 agatur,
1353 899 1470 937 dignum
1494 897 1615 927 omnino

100 959 162 981 esse
185 950 377 981 censebimus.

137 1003 171 1032 In
196 1004 388 1041 Virginibus,
409 1003 469 1033 sive
486 1004 596 1032 Sancta
620 1003 751 1040 Ursuld,
773 1013 838 1033 cum
857 1004 960 1034 Grotio
985 1005 1091 1042 (15),
1120 1024 1143 1039 ,‚
1160 1009 1270 1040 praeter
1288 1001 1501 1031 faustissimum
1523 998 1619 1028 nostri

103 1076 122 1091 „
142 1055 305 1092 ingenium,
333 1054 500 1083 laudabilem
517 1064 639 1084 amorem
663 1056 770 1092 patriae
792 1056 937 1091 civitatis,
958 1063 985 1084 et
1006 1056 1185 1093 singularum
1209 1055 1330 1092 partium
1357 1053 1481 1082 ordinem
1495 1073 1506 1087 ,
1533 1051 1618 1080 mira-

101 1127 120 1144 „
139 1106 245 1135 mur.”
284 1106 419 1135 Ceterum
450 1107 632 1144 Tragoedia,
662 1108 691 1137 in
719 1117 774 1144 qua
800 1115 895 1138 11000
929 1108 1053 1144 virgines
1085 1102 1215 1136 inson'tes
1248 1112 1340 1135 morte
1365 1106 1549 1141 plectuntur,
1579 1103 1615 1131 ad

99 1159 234 1188 virtutem
257 1158 509 1187 commendandam
532 1158 612 1188 facit.
652 1159 747 1188 Placet
767 1160 937 1197 Peripecia,
958 1168 1037 1195 qua,
1065 1167 1080 1187 e
1103 1166 1217 1187 summo
1243 1157 1348 1193 gloriae
1371 1156 1509 1193 fastigio,
1537 1162 1619 1191 prae·

97 1209 195 1247 cipitis
218 1210 326 1239 Attilae
343 1209 463 1247 copiae,
484 1210 604 1240 nefanda
627 1211 705 1240 clade
725 1211 906 1247 funduntur3
937 1211 988 1240 sed
1005 1210 1093 1239 nimia
1112 1216 1160 1239 'est
1178 1209 1406 1244 miraculorum,
1436 1208 1509 1235 hanc
1533 1206 1611 1235 cien-

95 1262 190 1296 tium,
210 1260 311 1292 series.

111 1318 116 1322 ·
136 1312 295 1349 Tragoedia
319 1313 353 1340 de
375 1320 443 1341 nece
463 1315 628 1350 Fratrum,
658 1315 737 1345 Sauli
760 1314 912 1351 filiorum,
938 1315 1121 1352 composita,
1149 1323 1255 1352 magno
1277 1314 1386 1343 indicio
1415 1322 1478 1343 esse
1498 1319 1612 1350 potest,

96 1363 252 1394 lentotsed
272 1369 351 1392 certo
375 1364 494 1401 gradu,
522 1365 564 1394 ad
583 1367 629 1394 sui
649 1367 807 1396 vindictam
820 1389 830 1404 ,
860 1371 963 1397 summi
986 1369 1124 1397 Numinis
1150 1369 1229 1396 iram
1257 1366 1423 1405 procedere.
1470 1365 1609 1393 Dolorem

96 1422 274 1450 maternum,
303 1422 450 1443 servorum
470 1417 504 1444 de
527 1417 660 1453 pristinis
687 1420 814 1455 tyrannis
841 1420 989 1448 ovantium
1007 1419 1134 1456 ignobile
1155 1418 1306 1455 gaudium,
1333 1417 1555 1451 eorumdemque
1575 1416 1611 1444 ad

93 1467 210 1496 dicteria
231 1474 411 1502 progressam
425 1466 596 1505 figendam,
618 1470 727 1505 optima
744 1471 853 1501 ratione
871 1480 1005 1507 expressa
1029 1471 1174 1499 miramur.
1215 1469 1327 1505 Regum
1349 1477 1436 1505 regno
1458 1468 1612 1505 dignorum

93 1520 206 1549 indoles
228 1518 258 1547 in
282 1518 400 1548 Davide
424 1513 593 1556 exhibetur,
618 1521 762 1557 publicam
788 1524 908 1552 salutem
936 1523 1049 1560 privato
1072 1521 1176 1559 gaudio
1205 1520 1397 1556 praeferente,
1419 1526 1446 1547 et
1466 1520 1500 1548 de
1521 1519 1612 1548 exitio

93 1570 237 1605 familiae,
257 1570 314 1598 sibi
337 1571 481 1605 quondam
503 1571 725 1610 infestissimae,
754 1576 893 1611 lacrymas
919 1574 1068 1604 fundente.
1110 1574 1319 1609 Argumentum
1345 1580 1403 1600 non
1428 1580 1461 1600 ex
1484 1580 1612 1601 eommo-

93 1621 220 1652 dissimis
248 1622 298 1650 sed
319 1621 357 1649 ita
379 1629 582 1658 pertractatum
604 1631 663 1659 est,
694 1632 726 1654 ut
753 1626 842 1654 hocce
871 1626 975 1663 egregii
1002 1626 1101 1655 Grotii
1129 1623 1295 1653 testimonio
1323 1623 1484 1660 Tragoedia
1509 1624 1613 1652 haecce

93 1674 280 1704 condecorata
302 1672 398 1701 fucrit.
420 1674 499 1710 (Ep.
522 1676 557 1703 ad
577 1675 694 1714 Voml.)
725 1697 743 1712 „
763 1673 886 1706 Miratus
906 1687 969 1706 sum
997 1685 1094 1712 tuam,
1121 1677 1154 1704 de
1184 1675 1270 1704 Sauli
1286 1673 1378 1710 filie's,
1399 1674 1609 1712 Tragoediam,

97 1728 226 1763 „riteque
252 1724 335 1753 facile
357 1731 400 1753 est
432 1726 537 1762 dictu,
567 1735 702 1763 quaenam
730 1730 817 1764 magis
844 1730 975 1758 minusve
1007 1728 1060 1757 sitn
1092 1727 1272 1756 admiratus:
1293 1726 1411 1763 'Regias'
1432 1722 1607 1762 sententias,

96 1796 115 1812 „
133 1775 232 1805 vivum
254 1782 281 1804 et
302 1774 413 1804 facilem
436 1783 542 1806 motum
560 1799 571 1814 ‚
600 1779 768 1814 aequitatem
796 1787 871 1808 tuam
888 1802 897 1816 ‚
927 1779 1032 1815 cuique
1059 1787 1144 1807 suum
1167 1777 1358 1806 tribuentem:
1388 1776 1553 1807 Hebraeum
1573 1779 1610 1808 ad

98 1841 118 1863 ,ς
139 1834 262 1863 unguem
287 1835 450 1864 expressam
475 1829 586 1858 dicendi
611 1830 767 1867 rationem,
789 1831 1000 1861 concinnumve
1022 1830 1113 1859 totius
1133 1828 1229 1866 operis
1251 1828 1386 1859 ordinem.
1396 1828 1417 1840 ’⁵

1516 1901 1535 1919 n
1554 1890 1607 1913 ¹²¹2·

123 1957 186 1987 (¹1³)
201 1959 355 1986 Maequmr'ur,
373 1959 418 1982 vid.
438 1961 516 1983 Pam
530 1968 570 1984 van
584 1963 668 1985 Dichtk.
685 1963 820 1990 Latteroeffl,
837 1964 885 1985 Utr.
906 1964 975 1990 1786,
991 1963 1015 1985 Τ,
1030 1962 1069 1986 111.
1084 1968 1107 1990 1>-
1124 1966 1149 1984 ¹2
1163 1966 1213 1992 SOE·
1230 1964 1251 1982 ²1
1268 1959 1324 1984 1⁵¹3·
1341 1966 1365 1989 1²·
1382 1965 1420 1988 3⁵1

121 1998 185 2028 (ιω
201 2000 290 2028 Epinola
302 2002 395 2029 κη’μο,
411 2007 468 2024 anno
486 2002 553 2030 1⁶36,
569 2009 626 2026 teste
641 2005 739 2026 Brandtio
750 2020 757 2031 ,
772 2007 824 2027 loco
841 2005 938 2030 laudato,
