1913 2427
461 134 946 170 DISSERTATIO
1011 136 1418 177 JURIDICA'.·,
1627 138 1679 184 25,

152 230 230 260 enim
252 232 314 261 est,
336 226 415 261 quod
436 225 567 259 decedit,
587 225 618 252 id
636 230 698 252 tum
720 228 834 259 apparet
855 230 920 251 cum
941 229 1102 260 antegressa
1122 224 1162 253 sit
1189 223 1346 254 honestas:
1370 224 1426 253 hoe
1449 231 1512 261 est,
1542 225 1567 253 si
1589 224 1663 253 facta

155 280 371 312 sintvhonesta,
392 285 425 306 ex
441 275 572 305 honestis
588 282 684 304 exorta
699 272 870 308 momentiS,
896 279 963 303 sunt
980 273 1112 304 decom..
1136 275 1214 311 Sed,
1238 275 1288 304 ubi
1310 275 1366 305 hoc
1386 284 1451 307 vnon
1473 275 1513 304 ita
1537 283 1598 305 sese
1615 276 1665 309 ha·,

157 331 222 366 bet,
246 336 279 358 et.
293 335 454 363 momenta,
483 335 555 363 quae
579 327 612 355 ad
637 325 773 362 agendum
795 324 948 359 impulere,
972 334 1076 361 prava,
1107 326 1182 355 facta
1204 327 1319 356 minime
1341 326 1427 355 etiam
1452 333 1520 355 sunt
1546 327 1661 357 decora.

152 381 294 412 Honestas
316 379 413 415 itaque
439 386 483 407 est
507 378 604 406 decori
628 377 862 406 fundamentum:
892 375 1022 405 decorum
1050 385 1121 405 vero
1151 378 1304 406 honestatis
1337 377 1455 407 effectus
1483 384 1512 406 et
1536 379 1661 414 sequela.

151 431 298 462 Decorum
321 437 365 459 est
381 430 431 458 illa
453 438 518 465 pars
541 429 677 463 virtutis,
699 435 769 463 quae
792 435 851 455 non
875 427 1018 456 recondita
1040 429 1161 464 quadam
1182 428 1292 458 ratione
1315 430 1458 465 cernitur,
1485 429 1536 458 sed
1557 435 1602 471 est
1620 429 1665 458 in-

153 489 294 520 promtu,
316 487 344 509 et
363 481 498 509 sensibus
521 486 630 509 tantum
654 478 776 508 externis
797 477 962 506 observatur
981 478 1042 515 (48
1051 481 1078 515 ).

193 534 339 562 Decorum
362 532 435 560 illud
453 531 564 568 duplici
590 530 744 567 distinguit
765 529 891 563 ratione,
914 536 1015 564 estque
1036 530 1063 558 ei

154 603 160 610 .
192 585 218 614 1.
247 583 417 618 Generale,
445 583 528 618 quod
557 582 586 610 in
611 581 689 610 omni
713 581 862 609 honestate
891 587 1035 615 versatur,
1057 588 1086 610 et
1112 582 1153 611 sic
1176 582 1287 612 definiri
1314 585 1406 613 solet:
1436 586 1516 621 quod
1545 593 1668 615 consen-

158 644 272 666 taneum
301 635 341 664 sit
363 635 490 664 hominis
519 633 719 667 excellentiae,
749 631 778 659 in
804 639 854 665 ec,
883 639 943 666 quo
972 637 1072 659 nat-ura
1095 633 1156 668 ejus
1181 642 1196 662 a
1223 635 1322 663 ceteris
1345 636 1540 664 animantibus
1564 637 1668 668 differt.

152 687 218 716 Hoc
244 687 340 724 ignur
355 687 456 715 decoro
485 692 583 713 omnes
605 683 791 712 continentur
807 682 946 711 virtutes.
976 682 1006 711 'm
1024 683 1188 721 prudentia
1213 684 1308 721 enim,
1337 686 1368 714 in
1380 687 1525 722 justitia,
1551 687 1582 714 in
1600 676 1669 722 for-⁷

152 738 280 766 titudine
299 743 328 765 et
351 737 564 774 temperantia,
587 740 735 770 spectatur
753 733 899 762 decorum,

189 788 231 817 ΙΙ.
260 787 408 825 Speciale,
429 786 570 822 superiori
593 786 767 821 subjectum.
808 783 933 812 Pertinet
953 784 988 812 ad
1009 784 1136 822 singulas
1164 786 1321 816 honestatis
1346 795 1461 824 partes,
1488 796 1516 817 et
1538 789 1673 825 philoso-

155 839 206 876 phi
232 839 274 867 sic
298 838 454 867 definiunt:
482 843 515 865 ut
535 837 565 865 id
597 837 731 866 decorum
754 835 812 871 sit,
838 836 920 871 quod
942 836 982 864 ita
1006 844 1071 864 cum
1100 844 1199 866 natuia
1222 839 1396 875 conveniat,
1417 846 1449 868 ut
1472 839 1502 868 in
1523 848 1556 868 eo
1578 840 1672 869 mode—

152 893 232 919 ratio
254 896 284 918 et-
306 889 502 927 temperantia
524 894 696 924 appareant,
721 895 787 916 cum
816 887 914 923 specie
939 888 1058 923 quadam
1090 888 1213 918 liberali.
1254 890 1331 919 Haec
1365 891 1462 920 decori
1489 892 1599 927 species
1623 892 1672 921 Ci-

153 943 252 970 ceroni
273 941 386 970 videtur
407 940 499 975 locis,
521 939 717 976 temporibus,
740 939 895 975 personis,
916 938 1042 974 aliiSque
1062 940 1220 969 delectibus
1237 941 1517 971 circumscribenda:
1540 950 1568 972 et
1585 952 1618 972 ex
1634 951 1670 973 eo

153 992 271 1028 decoro,
294 992 373 1028 quod
398 998 497 1028 poetae
514 998 693 1027 sequuntur,
714 999 769 1019 nos
795 990 927 1020 decorum
952 991 1025 1020 illud
1049 1000 1206 1028 possumus
1232 993 1410 1031 intelligere:
1441 994 1578 1031 quoniam
1602 1001 1671 1031 poee

152 1049 214 1079 tae,
241 1046 296 1082 (ut
320 1043 482 1080 Horatim‚
503 1043 542 1074 A.
562 1043 596 1073 P.
618 1051 673 1080 324
695 1043 787 1080 sqq.)
1621 1069 1645 1086 ›.
1662 1068 1669 1075 ,

333 1118 402 1160 ,Qui
421 1122 545 1158 didicit,
561 1121 684 1161 patriae
705 1121 778 1160 quid
795 1120 915 1158 debeat,
936 1127 963 1150 et
983 1121 1058 1161 quid
1075 1122 1195 1158 amicis,

338 1174 407 1213 Quo
427 1176 465 1203 sit
485 1185 583 1204 amore
599 1183 730 1214 parens,
752 1185 805 1213 quo
818 1178 925 1212 frater
945 1173 1087 1203 amandus
1108 1179 1135 1201 et
1155 1174 1267 1217 hospes,

335 1225 427 1263 ‚Quod
443 1227 481 1254 sit
500 1228 675 1264 conscripti,
696 1226 774 1265 quod
782 1226 897 1262 judicis
919 1227 1056 1264 officium,
1078 1235 1153 1264 quae

340 1275 447 1304 Partes
466 1278 498 1304 in
517 1277 623 1305 bellum
644 1278 721 1305 missi
740 1277 841 1313 ducis‚·
862 1277 916 1305 ille
931 1277 1063 1315 profecto

335 1326 472 1355 Reddere
485 1334 627 1364 personae
645 1329 914 1368 scit-convenientia
933 1330 1048 1365 cuique.
1069 1344 1110 1351 ·-

189 1401 286 1431 Nobis
306 1407 399 1430 antem
418 1409 567 1437 personam
582 1401 722 1438 imposuit
740 1402 803 1438 ipsa
825 1408 944 1437 natura,
966 1410 1067 1439 magna
1087 1411 1155 1432 cum
1174 1403 1341 1432 excellentia
1361 1409 1393 1432 et
1414 1404 1584 1440 praestantia
1600 1413 1668 1442 prae

150 1453 271 1489 reliquis
295 1451 512 1481 animantibus.'
536 1452 681 1491 Quocirca
707 1459 825 1488 poetae,
850 1453 880 1481 in
908 1461 1008 1489 magna
1037 1453 1171 1482 varietate
1194 1462 1399 1490 personarum,
1428 1455 1543 1485 vitiosis
1567 1456 1670 1493 etiam,

150 1503 224 1540 quid
247 1503 400 1532 conveniat
423 1509 450 1532 et
475 1503 547 1539 quid
566 1503 682 1538 deceat,
702 1503 858 1533 videbunt:
881 1504 968 1533 nobis
993 1512 1086 1533 autem
1107 1515 1173 1534 cum
1201 1514 1216 1534 a
1239 1512 1338 1534 natura
1358 1508 1555 1542 constantiae,
1576 1508 1674 1536 mode·

150 1555 287 1590 rationis,
309 1555 536 1591 temperantiae,
549 1554 751 1590 verecundiae,
773 1561 867 1591 partes
887 1555 1112 1592 datae‚fuerint;
1137 1565 1263 1593 cumque
1284 1558 1398 1586 modum
1411 1578 1421 1593 ‚
1438 1565 1497 1594 quo
1519 1566 1583 1595 erga
1602 1558 1674 1587 alios

114 1619 118 1627 =
148 1614 204 1635 nos
225 1614 376 1642 geramus,
397 1614 457 1635 non
480 1606 642 1642 negligere,
663 1606 756 1634 eadem
780 1606 828 1634 illa
853 1612 953 1634 natura
975 1606 1091 1636 doceat:
1116 1607 1255 1643 efficitur,
1277 1614 1310 1636 ut
1334 1614 1495 1645 utrumque
1512 1609 1609 1638 decori
1625 1610 1673 1649 'ge7

151 1665 209 1686 nus
227 1658 432 1695 intelligamus.
453 1657 538 1696 (Off.
560 1658 594 1694 1,
615 1659 663 1686 28.
675 1661 689 1694 J
729 1658 763 1686 ln
787 1658 839 1687 illo
860 1658 949 1695 igitur
972 1660 1076 1688 decoro
1104 1658 1152 1687 illa
1178 1658 1240 1687 sola
1271 1658 1430 1690 honestatis
1452 1668 1519 1696 pars
1538 1652 1670 1689 eontiness

149 1711 216 1744 tur,
237 1708 266 1737 in
284 1718 340 1745 qua
354 1710 541 1744 verecundia,
563 1715 590 1737 et
608 1709 689 1745 quasi
704 1709 818 1745 quidam
836 1717 954 1740 ornatus
972 1711 1047 1740 vitae
1065 1710 1163 1748 (49),
1187 1716 1214 1738 et
1231 1710 1440 1748 temperantia,
1461 1717 1489 1740 et
1502 1712 1666 1748 modestia,

150 1758 304 1796 omnisque
325 1760 436 1789 sedatio
456 1759 706 1796 perturbationum
734 1760 841 1798 animi,
862 1767 891 1790 et
912 1770 1004 1791 rerum
1028 1762 1132 1791 modus
1150 1762 1285 1792 cernitur.

1576 1815 1662 1844 Tem·

174 1884 244 1914 (48)
264 1887 344 1912 Gar-n,
365 1888 381 1910 1.
397 1889 434 1910 cir.
457 1895 482 1916 p.
499 1893 548 1915 ¹⁵3·

176 1926 353 1955 (wlcamtus
365 1930 386 1949 in
400 1936 451 1951 ms.
467 1930 488 1951 h.
502 1931 519 1952 1.
535 1935 586 1952 cum
600 1931 656 1953 haec
669 1930 752 1953 verba:
773 1932 833 1958 qum
846 1931 927 1959 quidm
942 1932 1024 1954 ornam
1035 1933 1107 1959 virae,
1122 1932 1150 1953 sd
1164 1936 1243 1966 omnes
1255 1931 1324 1954 dacor?
1337 1937 1414 1961 partes
1427 1916 1553 1955 referenda!
1567 1936 1670 1962 putaret,

147 1974 222 1995 mam
239 1971 316 1994 locum
328 1971 456 2000 contorsit,
469 1978 492 1996 et
505 1972 539 1995 sic
553 1973 668 2002 reddidit,
687 1975 741 2003 „Es
755 1973 784 1997 ιιι
796 1975 856 1997 noch
869 1975 907 1997 ein
921 1974 987 1998 Theu
1008 1974 1048 1995 der
1065 1966 1227 2000 ‹ugenahanen
1239 1973 1373 1998 channen
1385 1979 1416 1997 zu
1429 1974 1578 1998 umenuchen
1591 1972 1671 2000 tibrim

977 2015 1004 2044 D
1583 2017 1600 2041 „'
1614 2014 1668 2037 'des-
