1913 2427
253 129 297 173 κο
603 130 1436 164 J‚n.Tn0RBECKE

261 235 279 252 0,
299 217 375 250 oris,
406 216 455 253 qui
483 217 583 246 vultus
609 216 637 246 in
664 225 781 252 quoque
814 215 867 244 sit:
898 215 1007 244 nihiine
1030 222 1073 245 est
1101 217 1128 245 in
1151 218 1197 245 his
1221 218 1329 259 rebus,
1353 220 1430 255 quod
1462 219 1580 256 dignum
1603 220 1691 249 libero
1716 227 1768 249 aut

258 289 279 303 q,
298 269 447 305 indignum
476 276 537 296 esse
560 268 720 297 ducamus?
750 275 845 296 nonne
867 267 933 295 odio
953 266 1056 303 dignos
1083 267 1190 296 multos
1212 275 1367 305 putamus,
1398 270 1447 306 qui
1473 260 1594 306 quodam
1618 277 1698 300 motu
1718 278 1768 300 aut

261 340 280 356 ‚‚
301 326 378 348 statu
394 319 527 352 videntur
547 325 661 347 naturae
676 319 765 355 legem
781 323 807 345 et
825 318 938 346 modum
952 318 1163 347 contemsisse?
1201 320 1259 355 Et,
1286 321 1420 356 quoniam
1443 322 1510 350 haec
1533 323 1713 351 deducuntur
1735 323 1769 351 cle

262 389 281 405 „
302 363 443 406 corpore,
466 370 536 406 quid
551 377 614 404 est,
636 378 688 398 cur
709 378 769 398 non
785 374 859 396 recte
875 367 1062 404 pulchritudo
1082 369 1164 398 etiam
1185 369 1247 406 ipsa
1268 378 1385 407 propter
1400 380 1430 400 se
1455 369 1607 408 expetenda
1627 374 1764 410 ducatui-3

260 441 279 457 ‚‚
296 429 362 449 nam
388 421 412 450 si
434 421 618 457 pravitatem,
641 420 930 455 imminutionemque
946 419 1077 455 eoi-poris
1096 427 1212 457 propter
1233 430 1265 450 se
1282 422 1444 459 fugiendam
1467 431 1621 460 putamus:
1643 434 1695 454 cur
1707 433 1768 454 non

259 492 278 508 „
300 472 381 503 etiam
399 494 409 507 .,
428 481 460 501 ac
480 472 603 501 fortasse
630 473 736 509 mag-iffi
759 479 875 509 propter
897 479 927 501 se
951 470 1056 500 formae
1079 472 1244 508 dignitatem
1267 475 1442 509 sequamur?
1464 481 1491 503 et
1513 475 1538 504 si
1561 475 1767 512 turpitudinem

259 544 277 559 ‚‚
296 523 442 560 fugiamus
463 523 492 552 in
515 530 591 553 statu
612 530 640 552 et
661 532 742 553 motu
768 522 918 560 corporis,
941 524 1011 560 quid
1031 531 1074 553 est
1097 533 1149 553 cur
1168 525 1410 561 pulchritudinem
1428 535 1486 555 non
1513 527 1690 563 sequamur?
1716 527 1770 566 At—

259 590 278 610 ),
299 583 354 610 que
377 574 459 603 etiam
482 575 693 610 valetudinem,
715 576 807 610 vires,
827 575 999 604 vacuitatem
1023 576 1151 611 doloris,
1180 584 1239 605 non
1264 583 1380 613 propter
1401 578 1554 606 utilitatem
1575 579 1690 613 solum,
1717 580 1767 607 sed

259 645 278 661 ‚,
299 625 381 654 etiam
410 625 488 662 ipsas
520 633 636 663 propter
659 636 689 655 se
719 634 892 662 expetemus.
933 627 1077 665 Quoniam
1102 627 1175 656 enim
1202 634 1302 657 natura
1331 629 1392 657 suis
1418 629 1551 658 omnibus
1579 630 1684 666 expleri
1704 622 1770 666 par*—

260 697 279 712 ,‚
299 677 378 705 tibus
402 678 483 713 vult,
512 678 589 706 hunc
614 685 718 707 statum
750 679 879 715 corporis
901 688 952 715 per
979 687 1009 707 se
1037 679 1131 715 ipsum
1156 679 1281 715 expetit,
1310 680 1361 716 qui
1394 687 1437 708 est
1466 680 1586 709 maxime
1609 689 1624 709 e
1648 684 1766 716 natura3

260 748 278 764 ‚‚
301 736 372 764 quae
394 734 454 757 tota
476 730 678 765 perturbatur,
700 730 725 759 si
741 736 788 758 aut
805 738 917 765 aegrum
938 737 1045 765 corpus
1067 735 1133 764 est,
1159 735 1208 757 aut
1229 730 1324 765 dolet,
1354 737 1402 758 aut
1424 737 1499 759 caret
1528 730 1681 761 viribus.”
1701 731 1767 766 (ib.

256 788 283 809 c.
312 782 378 816 17.)
418 780 463 808 Eo
491 780 578 816 igitur
601 782 687 809 modo
715 787 820 810 statum
850 788 966 809 naturae
996 780 1087 815 tueri,
1118 788 1204 815 seque
1228 780 1257 808 in
1281 789 1310 809 ea
1332 781 1498 810 conditione
1526 781 1650 817 servari,
1681 782 1770 811 homo

258 831 359 865 cupit,
388 839 471 865 quam
496 839 528 859 ex
556 837 655 860 natura
677 832 812 868 optimam
841 841 902 861 csse
926 833 1022 861 sentit.
1066 832 1120 861 Sed
1145 833 1289 861 videamus
1312 833 1347 861 de
1370 832 1486 868 reliquis
1504 853 1515 868 ,
1543 841 1616 868 quae
1636 833 1768 867 homini,

259 879 368 907 ratione
390 879 515 908 hominis
536 881 646 917 ipsius,
669 883 884 918 officiorumque
905 892 969 921 erga
986 884 1192 920 semetipsum,
1209 890 1308 912 natura
1328 883 1472 912 indiderit.

299 950 318 964 „
337 930 492 960 Videamus
516 932 602 960 animi
627 940 740 969 partes,
770 943 887 970 quarum
913 942 957 964 est
989 937 1141 972 adspectus
1169 935 1329 970 illustrior,
1363 943 1434 970 quae
1456 941 1514 971 quo
1542 941 1610 964 sunt
1632 935 1772 964 excelsio-

262 1000 280 1015 5,
301 989 364 1015 res,
386 989 418 1009 eo
443 982 510 1009 dant
532 982 652 1011 clariora
676 983 781 1012 indicia
803 991 930 1013 naturae.
972 985 1085 1014 Tantus
1117 993 1160 1015 est
1189 986 1279 1023 igitur
1311 987 1426 1015 innatus
1457 987 1485 1014 in
1512 986 1597 1014 nobis
1628 980 1770 1022 cognitio-

259 1049 281 1066 „
303 1031 347 1060 nis
365 1041 443 1061 amor
463 1039 490 1060 et
511 1033 665 1068 scientiae,
686 1041 717 1062 ut
737 1043 820 1064 nemo
840 1035 970 1065 dubitare
991 1038 1106 1073 possit,
1128 1038 1199 1074 quin
1215 1038 1248 1066 ad
1272 1046 1317 1066 eas
1341 1045 1385 1066 res
1408 1037 1557 1065 hominum
1581 1044 1680 1066 natura
1691 1036 1772 1065 nullo

263 1101 282 1117 „
303 1083 497 1112 emolumento
519 1082 636 1112 invitata
657 1085 794 1120 rapiatur.
835 1086 1025 1123 videmusne,
1054 1096 1086 1117 ut
1111 1089 1191 1125 pueri
1210 1097 1244 1117 ne
1269 1089 1435 1117 verberibus
1462 1089 1575 1124 quidem
1607 1097 1622 1116 a
1645 1093 1773 1117 contem-

263 1152 282 1168 „
303 1133 414 1169 plandis
435 1134 519 1163 rebus
537 1136 791 1172 perquirendisque
808 1138 1019 1168 deterreantur?
1048 1146 1079 1168 ut
1100 1140 1181 1176 pulsi
1205 1140 1350 1176 requirant
1375 1146 1403 1168 et
1431 1139 1539 1175 aliquid
1560 1139 1631 1167 scire
1650 1147 1680 1168 se
1703 1145 1774 1176 gau·-

265 1202 285 1218 „
305 1184 412 1212 deant?
435 1190 466 1212 ut
491 1185 554 1214 aliis
571 1194 680 1214 narrare
703 1188 847 1223 gestiant?
869 1195 900 1217 ut
917 1198 1041 1228 pompa,
1064 1191 1157 1226 ludis,
1180 1197 1264 1226 atque
1285 1191 1426 1228 ejusmodi
1443 1190 1636 1227 spectaculis,
1659 1196 1771 1219 tenean-

264 1254 284 1270 „
301 1241 369 1269 tur,
392 1235 429 1264 ob
453 1244 571 1272 eamque
596 1245 651 1265 rem
678 1239 722 1266 vel
746 1238 846 1269 famem
870 1247 897 1269 et
918 1241 996 1270 sitIm
1021 1241 1186 1278 perferant?
1227 1242 1306 1280 Quid
1328 1242 1421 1270 vero?
1444 1241 1494 1277 qui
1512 1241 1643 1277 ingenuis
1666 1240 1773 1271 studiis

267 1306 286 1323 ‚‚
307 1293 392 1322 atque
414 1288 524 1316 artibus
545 1289 738 1324 delectantur,
759 1299 854 1320 nonne
875 1293 1005 1321 videmus
1029 1301 1078 1321 eos
1102 1302 1152 1322 nec
1173 1293 1345 1322 valetudinis
1368 1301 1418 1321 nec
1435 1293 1472 1321 rei
1499 1292 1645 1321 familiaris
1673 1292 1774 1320 habere

267 1358 287 1374 ‚‚
306 1338 467 1367 rationem?
509 1339 660 1375 omniaque
680 1342 787 1377 perpeti
810 1342 872 1378 ipsa
899 1342 1064 1379 cognitione
1088 1350 1114 1371 et
1138 1344 1255 1373 scientia
1280 1344 1404 1380 captos?
1433 1352 1460 1372 et
1484 1352 1549 1372 cum
1571 1343 1701 1372 maximis
1723 1350 1774 1371 cu-

266 1411 285 1426 „
305 1392 344 1420 ris
367 1399 394 1420 et
418 1393 565 1422 laboribus
588 1403 771 1430 compensare
791 1404 866 1430 cam,
887 1403 973 1432 quam
991 1404 1023 1424 ex
1045 1395 1181 1424 discendo
1205 1394 1338 1430 capiant,
1360 1394 1564 1430 voluptatem?
1593 1394 1690 1429 Atque
1714 1401 1774 1422 om-

266 1462 285 1478 „
304 1442 350 1471 nia
369 1442 482 1478 quidem
501 1444 594 1479 scire,
611 1446 813 1482 cujuscunque
826 1446 903 1475 modi
922 1446 999 1483 sint,
1026 1456 1148 1483 cupere,
1173 1447 1373 1475 curiosorum:
1395 1446 1462 1474 duci
1482 1453 1549 1474 vero
1570 1441 1777 1482 majorum''re·

266 1514 286 1529 ‚,
306 1503 366 1523 rum
392 1496 634 1532 contemplatione
651 1498 686 1525 ad
706 1497 890 1532 cupiditatem
913 1498 1063 1533 scientiae,
1087 1506 1266 1527 summorum
1292 1496 1420 1525 virorum
1444 1502 1486 1525 est
1508 1497 1678 1532 putandum.
1702 1495 1773 1532 (ib.

267 1565 286 1580 ,‚
306 1554 332 1575 c.
360 1547 427 1583 18.)
466 1546 559 1583 Quem
583 1548 655 1576 enim
681 1549 806 1576 ardorem
833 1549 921 1577 studii
942 1548 1065 1577 censetis
1088 1547 1179 1576 fuisse
1199 1547 1228 1575 in
1247 1547 1440 1580 Archimede,
1470 1546 1540 1581 qui,
1570 1547 1636 1574 dum
1661 1546 1689 1574 in
1709 1546 1775 1582 pul-

267 1615 287 1632 „
305 1605 369 1625 vere
405 1598 539 1632 quaedam
569 1598 704 1626 describit
734 1598 892 1633 attentius,
920 1607 955 1627 ne
986 1599 1103 1635 patriam
1130 1599 1244 1634 quidem
1270 1604 1378 1634 captam
1404 1605 1465 1625 esse
1489 1597 1629 1625 senserit?
1678 1597 1776 1634 Quan-

268 1668 287 1682 ‚,
307 1654 367 1675 tum
392 1648 563 1676 Aristoxeni
587 1649 732 1685 ingenium
756 1656 940 1678 consumtum
958 1650 1089 1678 videmus
1111 1649 1139 1677 in
1162 1649 1304 1677 musicis?
1344 1648 1412 1685 Quo
1434 1648 1532 1677 studio
1554 1648 1773 1686 Aristophanem

270 1705 444 1734 „putamus
467 1706 582 1727 aetatem
611 1700 639 1728 in
671 1700 759 1728 literis
789 1699 929 1729 duxisse?
970 1699 1050 1737 Quid
1072 1701 1106 1727 de
1133 1700 1321 1736 Pythagora,
1351 1699 1421 1734 quid
1444 1699 1477 1727 de
1503 1698 1624 1727 Platone
1647 1704 1696 1726 aut
1718 1698 1776 1726 Dc·

269 1768 289 1782 ‚,
309 1751 448 1784 mocrito,
473 1751 598 1785 loquor?
627 1759 643 1778 a
662 1751 770 1786 quibus
790 1758 908 1786 propter
928 1750 1055 1778 discendi
1080 1750 1264 1786 cupiditatem
1290 1749 1420 1778 videmus
1444 1749 1562 1777 'ultimas
1591 1755 1677 1777 terras
1704 1747 1775 1777 >esse

270 1818 290 1834 ‚,
308 1801 490 1835 peragratas?
513 1809 586 1836 quae
607 1801 657 1836 qui
678 1809 736 1830 non
757 1801 874 1835 vident,
903 1801 974 1829 nihil
996 1809 1120 1836 unquam
1146 1809 1242 1836 inagna
1267 1800 1431 1836 cognitione
1455 1800 1572 1836 dignum
1601 1805 1775 1829 amaverunt.

273 1869 292 1883 „
313 1851 409 1885 Atque
435 1851 488 1880 boc
507 1853 589 1886 loco,
613 1852 662 1887 qui
688 1858 803 1888 propter
824 1851 909 1879 animi
934 1852 1095 1887 voluptates
1112 1851 1168 1879 coli
1190 1851 1290 1879 dicunt
1321 1858 1349 1878 ea
1371 1851 1465 1878 studia
1479 1871 1488 1884 ,
1514 1859 1586 1886 quae
1607 1850 1684 1885 dixi,
1715 1857 1775 1878 non

272 1919 291 1933 „
311 1900 494 1935 intelligunt,
519 1902 625 1930 idcirco
640 1910 669 1931 ea
691 1910 751 1930 esse
765 1909 881 1938 propter
900 1910 929 1930 se
951 1903 1125 1938 expetenda,
1151 1902 1231 1936 quod
1253 1902 1330 1929 nulla
1353 1899 1477 1929 'utilitate
1499 1901 1609 1938 objecta
1635 1901 1775 1929 delecten-

272 1970 293 1986 „
312 1956 359 1978 tur
380 1951 481 1986 animi;
505 1959 587 1988 atque
614 1953 675 1990 ipsa
697 1953 834 1988 scientia,
864 1953 946 1982 etiam
970 1953 996 1982 si
1019 1953 1263 1982 incommodatura
1286 1953 1343 1987 sit,
1371 1952 1519 1988 gaudeant.
1557 1951 1700 1989 Quocirca
1729 1951 1773 1978 in·

1729 2001 1780 2030 tel-

1901 504 1913 861 ffl⁴m——*A
