1913 2427
133 887 591 957 Quandoquidemteorum,
616 906 736 950 quibus
760 906 890 950 publice
915 894 1011 938 rerba
1044 904 1186 938 facienda
1212 909 1306 943 sunt,
1329 900 1514 935 communis*
1532 898 1605 943 qui·

127 959 206 993 dam
240 969 287 995 est
308 970 340 995 et
365 965 513 996 omnium
545 964 667 1008 judicio
695 963 923 1007 comprobatus
946 975 1033 1003 mos,
1055 971 1110 1003 ut,
1135 973 1210 994 cum
1237 960 1467 1005 aggrediuntur
1493 958 1533 990 ad
1556 957 1609 988 di-

124 1019 290 1060 cendum,
323 1022 433 1053 animo
463 1021 661 1054 commoveri
691 1031 725 1052 se
760 1031 796 1052 ac
827 1020 1010 1064 perturbari
1039 1020 1274 1058 confiteantur,
1296 1029 1356 1061 ego
1383 1018 1410 1049 si
1429 1016 1472 1048 ab
1494 1015 1605 1047 eadem

129 1076 330 1112 confessione
359 1078 488 1110 dicendi
519 1078 689 1109 exordium
717 1077 833 1109 ducam
847 1102 855 1117 ,
876 1084 975 1109 erunt
990 1076 1148 1116 (fortasse,
1172 1075 1292 1120 quibus
1323 1073 1470 1106 simulate
1496 1072 1607 1116 potius

127 1139 160 1163 et
182 1144 223 1165 ex
249 1135 348 1167 veteri
378 1135 434 1166 illo
451 1136 633 1179 usitatoque
655 1145 744 1165 more
759 1158 768 1173 ,
790 1144 888 1177 quarn
910 1145 985 1165 vere
1005 1141 1039 1165 et
1061 1145 1100 1165 ex
1126 1134 1226 1164 animi
1245 1132 1417 1170 sententia,
1441 1131 1485 1161 ita
1504 1128 1607 1175 facere

126 1189 246 1223 videar.
301 1189 406 1232 Quam
430 1203 491 1236 ego
522 1192 736 1223 simulationis
766 1191 982 1233 suspicionem
1006 1197 1043 1222 ut
1072 1189 1263 1233 effugerem,
1298 1200 1338 1220 eo
1370 1186 1607 1231 propemodum

126 1246 286 1280 adductus
315 1260 420 1288 eram,
455 1247 643 1288 Auditores‚
673 1255 711 1279 ut
740 1248 847 1278 statim
878 1248 1033 1279 orationis
1058 1247 1129 1279 vela
1154 1246 1318 1290 pandere,
1342 1251 1375 1277 et
1407 1244 1442 1275 iu
1469 1243 1607 1275 mediam

124 1311 194 1335 rem
216 1312 268 1337 me
291 1307 469 1349 conjicere,
495 1307 593 1338 satius
622 1305 931 1348 ducerem‚·quam‚
959 1315 1034 1336 eum
1062 1311 1167 1335 metus
1193 1302 1436 1341 testificatione,
1461 1311 1531 1332 eam
1557 1310 1609 1331 re·

124 1361 188 1392 mis
215 1363 410 1406 propellere:
462 1365 512 1394 Et·
536 1374 621 1395 vero-
644 1363 688 1394 ita
713 1361 878 1398 fecissem,
902 1361 965 1392 nisi
991 1360 1032 1392 ab
1065 1362 1126 1392 isto
1149 1360 1286 1392 consilio
1310 1365 1471 1391 avocasset
1497 1368 1549 1389 me
1576 1362 1608 1388 et

120 1416 310 1450 ⁴abduxisset
333 1421 510 1464 cogitatio,
534 1419 610 1452 fore·
628 1417 664 1451 ut
697 1418 801 1450 audax
825 1427 935 1449 meum
970 1425 1001 1449 et
1033 1418 1174 1450 insolens
1211 1418 1378 1461 negotium
1408 1416 1442 1446 in
1470 1425 1606 1452 eorum,

119 1482 210 1516 'quos
230 1476 363 1519 plurimi
378 1477 533 1517 facerem,
554 1488 762 1521 quorumque
778 1475 938 1519 judicium
964 1476 1181 1520 maximopere
1211 1476 1449 1506 extimescerem
1463 1497 1471 1512 ,
1509 1481 1612 1514 repre-

127 1530 324 1564 hensionem
348 1535 534 1567 incurreret.
581 1535 665 1566 Illud
689 1535 788 1565 etiam
814 1531 1051 1576 intelligebam,
1073 1533 1216 1576 linguam
1236 1533 1263 1563 si
1285 1532 1504 1567 continerem,
1527 1539 1603 1565 neo,

125 1588 207 1631 quid
240 1590 321 1621 mihi
354 1593 454 1623 animi
489 1599 591 1630 esset,
614 1591 723 1635 eloqui
754 1591 910 1629 sinerem,
933 1591 1041 1633 ipsum
1061 1590 1190 1621 vultum
1217 1590 1370 1632 vocisque
1391 1586 1613 1618 haesitantiam

125 1655 188 1687 pro
212 1646 322 1690 lingua
341 1648 431 1687 fore,
456 1660 538 1693 quae
562 1649 720 1692 apertius,
744 1659 842 1691 quam
865 1647 972 1678 verbis
988 1647 1059 1679 fieri
1075 1654 1200 1691 posset,
1223 1646 1322 1677 animi
1336 1643 1612 1688 perturbationem

120 1701 326 1745 patefaceret.
379 1707 456 1738 Loci
487 1707 575 1737 enim
597 1707 748 1749 cogitatio
772 1706 799 1736 si
827 1704 907 1748 quid
934 1705 973 1736 ad
999 1703 1273 1736 commovendum
1305 1701 1410 1734 valere
1431 1706 1555 1744 potest,
1578 1699 1613 1730 in

129 1759 292 1792 Minervae
326 1762 488 1794 Leidensis
524 1762 599 1794 aede
625 1762 783 1803 dicimus,
817 1765 910 1806 cujus
948 1762 1088 1806 dignitas
1123 1772 1159 1793 ac
1189 1762 1335 1803 majestas
1353 1784 1363 1800 ,
1397 1759 1423 1789 si
1451 1756 1613 1789 columnis

129 1819 316 1850 marmoreis
333 1843 342 1858 ‚
371 1821 398 1850 si
430 1831 500 1852 aere
527 1820 717 1859 Corinthio,
753 1821 781 1852 si
805 1821 931 1864 porticu
956 1820 1197 1864 pavimentata,
1227 1819 1254 1849 si
1276 1818 1314 1848 iis
1346 1816 1486 1858 denique
1516 1814 1613 1845 rebus

100 1884 105 1886 ·
133 1881 319 1915 censeatur,
356 1876 476 1920 quibus
509 1877 596 1921 apud
621 1878 769 1920 antiquas
801 1878 947 1909 nationes
974 1879 1117 1909 Deorum
1147 1873 1380 1907 immortalium
1413 1870 1530 1916 templa
1564 1871 1614 1899 in·

130 1936 250 1963 structa
281 1939 314 1964 et
350 1940 501 1966 exornata
528 1933 680 1973 fuerunt,
718 1934 807 1966 nulla
832 1936 968 1966 omnino
994 1935 1043 1966 sit.
1095 1935 1151 1965 Sin
1177 1944 1254 1965 vero
1278 1931 1342 1962 hoc
1372 1929 1466 1961 nobis
1502 1924 1616 1956 natur&

130 1984 241 2020 datum
266 1996 334 2029 est,
358 1998 414 2031 ut,
436 2002 538 2036 quum
564 2002 601 2023 ea
622 1990 692 2024 loca
715 1991 903 2034 videamus,
927 1993 961 2024 in
987 1991 1108 2036 quibus
1132 1989 1288 2023 memori-22
1315 1988 1432 2030 dignos
1455 1985 1542 2016 vi10s
1565 1992 1614 2014 ac·

1567 2048 1617 2070 ce·
