1913 2427
455 138 978 173 COMMENTATIO
1045 143 1368 178 CIIEMICA.
1638 147 1679 181 33

157 234 222 258 tum
240 228 333 259 Inesse
349 235 438 256 unum
460 227 506 256 vel
527 227 584 256 duo
601 227 762 264 principia,
785 227 834 255 sed
850 228 932 263 plura
950 227 1054 264 simul,
1081 236 1108 259 et
1126 231 1193 260 haec
1211 233 1288 262 varia
1310 232 1419 262 ratione
1442 233 1517 262 inter
1541 243 1570 264 se
1588 236 1675 266 mixta

156 288 186 310 et
205 288 280 310 arcte
297 281 407 318 juncta.
445 279 588 316 Exemplo
610 288 665 308 rem
689 280 843 308 illustrem.
888 279 982 317 Quam
1007 282 1126 319 analoga
1149 284 1260 313 ratione
1283 291 1373 322 agunt
1398 285 1471 314 inter
1488 286 1596 323 reliqua
1617 297 1674 318 rea-

157 332 253 371 gentia
267 333 379 369 prima,
401 331 561 361 solutiones
577 331 732 360 metallicae
748 331 776 360 in
799 329 927 359 materias
951 332 1141 369 extractivas‚
1163 342 1270 363 amaras
1285 356 1296 371 ,
1315 335 1450 365 coriarias
1465 357 1476 372 ,
1507 337 1536 365 in
1556 338 1673 366 mucila-

157 385 272 422 ginosas
295 391 323 412 et
347 391 532 420 gummosas,
559 382 589 410 in
613 382 810 411 albuminosas
833 386 861 409 et
884 380 1062 416 glutinosas!
1086 384 1185 427 ,Quot
1213 386 1325 415 interim
1348 394 1418 416 sunt
1443 388 1527 424 quasi
1554 397 1669 427 gressus

154 443 185 466 et
207 436 326 474 gradus,
348 434 455 470 quibus
474 434 613 462 nonnulla
637 433 777 470 principia
799 440 883 468 quam
902 433 1032 468 proxime
1048 435 1084 463 ad
1104 444 1134 464 se
1159 437 1281 466 invicem
1304 439 1463 475 accedunt,
1491 446 1526 468 ut
1552 442 1669 478 ubivis,

154 488 197 517 sic
217 487 247 516 in
266 485 464 523 vegetabilium
486 484 603 514 fabricis
624 483 834 522 principiisque
851 483 959 519 quibus
982 492 1116 515 constant
1134 489 1276 524 proximis
1299 491 1444 520 creandis!
1483 491 1555 521 Non
1577 494 1673 522 voluit

153 539 265 568 Natura
287 538 385 567 rudem
411 537 537 572 saltum,
561 536 613 565 sed
641 535 779 564 transitu-s
802 536 886 571 quasi
908 536 1110 576 insensibiles,
1139 542 1248 577 quibus
1274 543 1430 572 delectatur
1456 551 1604 575 structura
1627 556 1673 576 or-

153 592 254 629 ganica
278 598 399 626 seseque
420 598 505 626 supra
532 588 662 617 fossilem
691 587 833 616 materiem
861 587 959 625 effert;
989 598 1112 625 pronum
1138 591 1229 628 igitur
1249 600 1294 622 est
1312 595 1474 632 colligere,
1500 597 1577 626 haud
1599 599 1671 627 levis

153 651 215 673 esse
235 642 394 676 momenti,
418 641 449 669 in
476 640 611 677 intham
635 640 758 676 plantam
782 639 827 667 vel
851 638 881 667 in
900 638 1039 676 integram
1054 641 1182 677 aliquam
1200 644 1262 680 eJus
1286 652 1394 687 partem
1420 647 1610 682 experimenta
1628 650 1672 678 in-

147 694 279 722 stituere.
320 691 452 727 Denique
472 691 585 719 videtur
603 690 634 719 in
655 689 778 726 Analysi
801 689 1001 726 vegetabilium
1024 691 1201 722 instituenda
1232 696 1327 731 gravis
1361 696 1514 735 aliquando
1537 699 1670 736 irrepsis-

146 753 182 775 se
205 752 299 778 error-3
321 742 455 771 nimirum
479 741 587 771 factum
611 747 677 777 est,
700 748 727 770 et
748 740 902 770 etiamnum
926 740 978 777 fit,
1006 749 1038 770 ut
1055 743 1105 772 vix
1128 745 1200 773 ratio
1229 745 1364 775 habeatur
1389 748 1464 776 sedis
1486 749 1669 786 singulorum

145 794 359 832 principiorum
380 793 535 822 naturalis:
565 793 647 829 quod
668 793 693 821 si
711 792 922 828 concedamUS,
950 794 1111 829 plantarum
1135 795 1272 826 fabricam
1299 798 1391 828 multo
1423 807 1484 828 esse
1511 801 1668 838 simplicio-

151 855 230 882 rem,
260 854 347 882 quam
379 846 458 881 quod
485 844 623 882 suspicati
650 844 756 873 fuerint
784 844 928 880 principes
961 845 1034 874 inter
1071 854 1179 876 veteres
1212 849 1366 878 Botanicae
1398 851 1437 879 rei
1467 854 1665 891 anatomicos,

150 897 303 934 perspicue
323 902 417 925 tamen
437 901 612 924 monstrasse
628 895 750 924 fatemur
769 895 958 924 recentiorum
981 897 1170 933 experimenta
1187 906 1214 928 et
1232 900 1467 938 observationes,
1490 912 1539 939 per
1555 914 1668 936 omnem

147 948 273 985 plantam
298 956 357 976 non
382 956 444 976 esse
462 947 585 975 eamdem
615 953 809 982 structuram„
834 947 882 975 sed
906 946 1026 976 diversis
1053 951 1166 986 organis
1190 951 1351 981 diversam:
1376 954 1455 989 quod
1476 955 1503 983 si
1528 964 1558 985 ea
1582 966 1667 994 saepe

148 999 298 1028 omittatur
322 999 491 1033 annotatio,
513 1007 571 1034 qua
591 998 779 1034 peculiarium
807 1006 979 1034 organorum
998 1001 1156 1035 peculiaris
1178 1011 1250 1031 usus
1272 1003 1443 1040 deducitur,
1475 1013 1549 1035 recte
1574 1014 1666 1039 tamen

144 1050 170 1079 is
193 1050 361 1085 concludit,
384 1050 435 1086 qui
457 1049 544 1078 variis
565 1049 647 1078 etiam
671 1050 832 1085 plantarum
855 1051 988 1086 partibus
1011 1053 1114 1082 variam
1136 1055 1238 1092 agendi
1263 1063 1390 1085 normam
1416 1058 1570 1096 adscribitg,
1600 1071 1665 1092 nam

146 1110 205 1140 qua
222 1102 371 1137 animalia,
392 1102 486 1131 eadem
509 1102 569 1138 lege
593 1101 762 1138 vegetabilia
791 1101 880 1130 teneri
907 1102 1001 1132 voluit
1031 1104 1159 1142 Natura;
1187 1109 1267 1143 quod
1288 1109 1414 1144 quodvis
1439 1118 1488 1138 vas
1511 1113 1663 1143 continens

141 1160 308 1184 contentam
324 1153 468 1182 materiem
484 1153 627 1188 elaboret,
649 1151 794 1188 perficiat,
820 1153 895 1182 varie
911 1161 1021 1190 mutet,
1046 1162 1132 1192 atque
1153 1158 1217 1186 ideo
1236 1159 1284 1187 hic
1303 1160 1443 1196 resinam,
1471 1161 1530 1192 illic
1548 1165 1664 1194 saccha-

144 1213 208 1234 rum
234 1206 280 1235 vel
304 1213 442 1241 mucum,
463 1210 608 1241 secernat3
631 1204 715 1241 plane
729 1203 772 1233 uti
796 1211 855 1233 non
879 1204 988 1242 ubique
1011 1214 1045 1236 ex
1069 1208 1208 1246 sanguine
1225 1218 1273 1240 vas
1296 1210 1416 1241 animale
1438 1221 1572 1244 secernat
1594 1217 1664 1247 sali-

144 1265 228 1293 vam,
249 1257 353 1293 bilem,
374 1257 496 1287 urinam.

182 1308 258 1347 Quis
280 1317 347 1338 vero
367 1310 511 1339 chemicae
541 1309 608 1339 bilis
640 1309 776 1339 scientiae
806 1308 931 1346 cupidus
960 1309 1000 1339 ita
1023 1317 1051 1340 et
1079 1320 1133 1341 suo
1163 1312 1278 1350 ingenio
1304 1322 1333 1344 et
1361 1323 1421 1346 arte
1448 1326 1533 1354 quam
1561 1326 1664 1350 tractat

143 1359 325 1397 abuteretur,
347 1367 380 1389 ut
408 1361 494 1390 simul
522 1369 606 1390 omne
630 1361 717 1397 hepar
739 1369 805 1390 cum
825 1361 990 1391 adhaerente
1011 1364 1140 1394 vesicula
1159 1366 1281 1395 examini
1306 1368 1460 1406 subjiceret
1478 1371 1492 1399 22
1527 1371 1602 1410 Quis
1625 1381 1661 1402 ex

139 1411 197 1440 ista
218 1413 320 1454 agendi
339 1413 447 1443 ratione
472 1422 565 1443 veram
587 1413 654 1442 bilis
675 1413 870 1450 cognitionem
892 1414 1041 1449 speraret?
1077 1416 1137 1445 Iste
1159 1423 1252 1446 tamen
1271 1426 1349 1447 error
1374 1419 1404 1448 in
1421 1423 1588 1456 exponenda
1614 1430 1661 1451 ve-

143 1463 310 1500 getabilium
332 1464 440 1501 analysi
464 1473 548 1501 saepe
574 1465 778 1494 committitur.
820 1464 971 1500 Coquitur
993 1465 1024 1494 in
1045 1475 1136 1503 aqua,
1160 1475 1210 1497 aut
1228 1471 1333 1505 quovis
1351 1472 1407 1501 alio
1428 1479 1576 1503 menstruo
1601 1474 1659 1503 sol-

139 1513 222 1542 vitur
244 1520 303 1543 tota
324 1516 437 1551 plantae
461 1516 538 1545 radix
562 1517 606 1545 vel
629 1523 770 1550 truncus;
794 1515 958 1553 [aliquando
988 1515 1099 1553 integra
1127 1519 1225 1554 planta
1248 1522 1405 1551 extrahi-tur
1432 1525 1672 1556 muco-sacena..

139 1571 222 1600 rum,
242 1572 291 1594 aut
312 1566 562 1603 gummi-resina,
583 1574 632 1596 aut
652 1568 828 1603 balsamum,
846 1574 923 1602 quae
947 1573 1046 1602 postea
1069 1576 1221 1599 narrantur
1240 1579 1268 1600 et
1295 1574 1465 1605 scribuntur
1492 1565 1659 1607 memoratae

138 1616 251 1652 plantae
273 1618 319 1646 vel
343 1624 447 1649 trunco
470 1621 516 1649 vel
539 1620 627 1649 radici
648 1621 751 1650 inesse.
785 1620 920 1658 Quantus
945 1618 1057 1647 interim
1076 1619 1123 1648 hic
1148 1621 1216 1650 latet
1241 1625 1334 1653 error!
1372 1626 1474 1656 Potest
1495 1628 1569 1656 enim
1594 1637 1659 1658 cor-

138 1666 188 1695 tici
205 1667 346 1698 inhacrere
370 1671 480 1707 resina,
503 1672 597 1701 oleum
619 1672 798 1708 aethereum,
819 1673 931 1702 acidum
952 1672 1148 1709 Benzoicum,
1176 1675 1258 1712 ligno
1289 1679 1397 1715 gummi
1420 1686 1448 1709 et
1473 1681 1657 1718 saccharum,

137 1724 209 1752 quae
233 1719 327 1748 omnia
356 1721 402 1749 vel
425 1722 576 1758 coctione,
598 1723 698 1752 aliisve
726 1723 863 1752 adhibitis
882 1723 1032 1753 encheirisi
1053 1731 1080 1752 et
1101 1727 1257 1757 menstruis
1274 1749 1284 1764 ,
1311 1738 1326 1758 e
1344 1731 1409 1759 sede
1436 1740 1488 1760 sua
1515 1733 1669 1769 expulsa‚.

136 1767 204 1797 dum
222 1768 250 1798 in
266 1777 398 1800 mutuum
421 1778 560 1802 attactum
579 1781 688 1810 ruunt,
713 1774 827 1813 singula
839 1783 944 1804 novam
962 1775 1119 1804 chemicam
1143 1776 1243 1806 ineunt
1263 1781 1411 1816 copulam.
1453 1782 1654 1818 Confitemur,

135 1825 200 1848 esse
218 1821 347 1858 aliquid,
365 1823 394 1852 in
411 1825 524 1861 parvis,
548 1826 671 1862 teneris,
690 1834 766 1856 arcte
775 1826 907 1864 Junctis,
927 1827 1089 1863 plantarum
1109 1827 1242 1864 partibus
1259 1830 1298 1860 ita
1313 1840 1442 1869 separare
1455 1833 1592 1863 teneriora
1609 1843 1655 1863 or-

133 1877 221 1905 gana3
243 1878 366 1903 attamen
380 1875 491 1904 videtur
507 1885 609 1914 operae
621 1878 744 1915 pretium
756 1900 765 1914 ,
782 1879 817 1907 ad
835 1879 908 1907 hanc
925 1886 982 1907 rem
1000 1879 1347 1919 accuratius'attendere,
1368 1885 1535 1921 praeprimis
1549 1885 1573 1914 si
1590 1894 1654 1922 aga-

135 1923 184 1948 tur
199 1920 233 1949 de
246 1921 412 1972 invenienda
426 1933 454 1956 et
464 1928 683 1960 demonstranda
703 1929 808 1961 veriori
824 1937 851 1959 et
866 1929 1030 1967 perfectiori
1046 1930 1210 1966 plantarum
1231 1934 1352 1972 analysi.
1380 1935 1536 1967 Monemur
1550 1937 1651 1966 saltem

946 1980 972 2010 E
1615 1991 1651 2016 ut
