1913 2427
195 155 239 189 28
571 149 958 183 FREDERICI
1021 149 1340 184 EGELING.

197 241 330 278 ignorat,
360 249 393 270 ex
422 248 474 270 sua
501 239 674 268 indicatione
699 237 769 266 male
794 243 864 266 tunc
889 235 1009 280 formata
1034 236 1129 265 statim
1155 242 1228 266 cort.
1251 245 1352 274 peruv.
1369 259 1379 273 ‚
1416 238 1462 267 vel
1493 238 1545 267 alia
1576 238 1719 277 febrifuga

200 290 420 327 praescriberet,
443 289 479 317 ita
503 296 535 316 ut
556 288 641 316 facile
662 295 695 315 ex
718 287 766 315 tali
791 295 858 315 cura
890 286 1000 314 tandem
1032 288 1230 316 succumberet
1261 297 1356 325 aeger,
1385 289 1436 324 qui
1457 298 1472 318 e
1492 291 1634 319 contrario
1661 291 1716 319 sub

203 350 271 370 cura
292 341 352 370 sani
374 339 531 377 Empeirici
552 340 586 367 ad
609 338 760 375 pristinam
786 337 933 367 sanitatem
961 344 1039 367 certo
1061 340 1142 369 redit.
1186 340 1241 369 Sed
1268 349 1303 369 ne
1333 341 1386 369 alia
1416 343 1542 377 exempla
1574 341 1716 377 adferam3

206 398 312 426 veritas
334 396 408 425 enim
431 396 500 424 haec
521 394 559 422 ita
582 392 754 430 perspicua,
784 398 816 421 ut
840 391 976 429 exemplis
1004 391 1096 422 allatis
1129 391 1229 429 potius
1256 391 1407 421 obscurior
1436 392 1514 421 reddi
1543 400 1627 428 quarn
1653 393 1719 422 inu-

206 447 301 477 strari‘
312 447 452 476 videatur.

241 498 275 526 In
297 498 428 526 ulteriori
450 506 568 534 quoque
588 497 769 533 indagatione
792 496 896 526 virium
919 494 1156 530 medicaminum,
1182 503 1307 531 quorum
1338 495 1467 532 cognitio
1490 495 1519 524 in
1544 495 1720 524 satisfacien-

203 550 243 577 do
262 547 430 577 indicationi
455 548 525 577 tanti
556 548 692 577 momenti
712 555 780 584 est,
808 547 917 586 egregie
946 556 1064 583 quoque
1092 553 1168 584 patet
1201 556 1272 576 usus
1305 556 1386 576 sanae
1416 546 1585 583 Empeiriae.
1631 546 1721 574 Nulla

203 599 277 627 enim
299 599 382 627 datur
402 599 523 627 historia
546 598 660 628 Medica
682 598 751 628 satis
771 606 845 627 certa
870 605 898 627 et
921 599 1066 635 explorata
1086 607 1240 634 corporum
1269 598 1464 634 naturalium,
1492 606 1563 633 quae
1579 597 1637 626 vim
1662 605 1721 626 me-

205 650 326 679 dicatam
349 650 475 685 habent,
497 649 554 679 nisi
575 650 609 678 ab
634 649 834 685 experimentis
858 649 990 678 fidelibus
1016 655 1043 677 et
1069 649 1215 685 repetitis;
1245 649 1364 677 dolenda
1394 654 1487 676 autem
1509 647 1650 684 ejusmodi
1673 655 1722 675 ex-

204 700 427 735 perimentorum
450 700 586 736 penuria,
615 708 688 735 quae
712 699 787 728 forte
800 700 938 736 dependet
957 708 973 727 a
996 699 1110 727 defectu
1133 706 1280 728 accuratae
1298 699 1508 728 observationis
1530 698 1658 727 omniurn
1677 705 1719 726 re-

202 760 286 786 rum,
318 760 390 787 quae
410 751 454 780 vel
477 752 512 778 ad
534 759 654 787 aegros,
683 751 729 779 vel
753 751 787 778 ad
807 750 943 785 morbos,
973 749 1018 777 vel
1044 750 1079 778 ad
1103 758 1146 779 res
1174 756 1300 779 externas
1328 750 1481 786 pertinent.
1523 750 1588 779 Tali
1615 749 1720 784 modo,

205 808 236 830 ut
261 804 395 838 quaedam
417 803 545 838 exempla
567 802 697 837 afferam,
727 802 944 842 nuperrime-ex
975 800 1119 831 institutis
1149 800 1350 837 experimentis
1381 801 1467 830 nobis
1494 807 1649 837 patuerunt
1673 800 1721 829 vis

203 854 314 890 egregie
333 853 471 882 diuretica
488 853 610 882 Ballott.
635 854 771 888 Lanat„
801 853 846 882 vis
868 853 1007 882 roborans
1034 853 1156 883 Lichan.
1178 852 1315 888 Pariet.,
1343 853 1388 881 vis
1413 852 1649 881 anthelminthica
1672 851 1721 880 Ol.

205 905 323 933 Thereb.
356 905 402 934 vis
428 904 502 933 fab.
530 904 656 933 Pechur.
694 911 793 933 contra
820 904 944 933 fluorem
974 903 1090 939 album,
1121 910 1148 932 et
1170 904 1245 932 vires
1266 910 1365 933 contra
1397 903 1564 941 epilepsiam
1593 904 1721 942 salphat.
1755 916 1758 917 ⁷

201 963 460 993 aspro-ammom,
482 957 590 984 nitrat.
613 961 751 993 argent„
772 955 833 984 sedi
853 956 932 983 acris
955 961 983 983 et
1004 954 1121 983 carbon.
1148 961 1258 993 potass.
1285 956 1374 984 alcal.
1399 955 1524 994 liquid„
1553 955 1638 992 cujus
1655 963 1724 991 pos-

199 1005 313 1035 terioris
337 1005 449 1034 remedii
470 1005 589 1035 effectus
623 1007 698 1035 haud
731 1007 876 1043 negandos
906 1014 971 1035 cum
1002 1005 1249 1035 commilitonibus
1279 1006 1351 1035 meis
1377 1007 1530 1035 observavi
1559 1006 1590 1035 in
1618 1005 1724 1042 epilep-

199 1057 277 1092 tico,
300 1057 370 1093 qui,
391 1066 457 1086 cum
480 1066 531 1094 per
553 1066 645 1086 annos
667 1059 724 1095 jam
756 1057 835 1086 fatali
863 1058 919 1086 hoc
951 1057 1054 1086 morbo
1083 1057 1289 1093 laboraverat,
1304 1066 1388 1087 curae
1416 1059 1496 1087 Clar.
1528 1058 1723 1094 Praeceptoris

205 1107 346 1136 Kraussii
368 1109 518 1137 mandatus
535 1129 545 1144 ‚
574 1108 656 1137 brevi
681 1110 765 1146 plane
794 1115 911 1137 sanatus
940 1108 1010 1137 fuit.
1050 1108 1097 1137 Sic
1120 1108 1261 1145 Plinius,
1290 1116 1323 1138 ut
1351 1110 1514 1146 exemplum
1543 1118 1662 1146 quoque
1691 1116 1726 1137 ex

205 1158 423 1193 antiquioribus
452 1159 585 1195 afferam,
614 1160 701 1188 nobis
725 1166 851 1195 enarrat,
883 1160 1014 1188 homiues
1037 1161 1281 1200 venaesectionem
1310 1160 1345 1187 ab
1370 1160 1542 1189 animalibus
1571 1160 1726 1195 didicisse,

203 1218 294 1245 quum
320 1209 540 1246 observassent,
562 1211 812 1248 Hippopotamum
838 1212 954 1241 assidua
976 1212 1104 1241 satietate
1126 1202 1247 1240 obesum
1272 1211 1347 1240 exire
1369 1212 1399 1241 in
1421 1211 1525 1247 littus,
1554 1218 1640 1248 atque
1661 1219 1725 1240 cor-

201 1256 259 1297 pus
284 1261 448 1290 recentibus
472 1262 643 1291 arundinum
669 1263 795 1292 caesuris
824 1262 1002 1292 acutissimis
1030 1263 1260 1299 imprimentem,
1288 1271 1388 1292 venam
1413 1264 1557 1300 quandam·
1584 1263 1616 1292 in
1644 1270 1726 1292 crure

202 1314 369 1348 vulnerare,
392 1319 477 1348 atque
499 1313 536 1341 ita
558 1322 666 1349 corpus
688 1323 837 1343 exonerare
855 1321 883 1343 et
899 1316 1012 1351 plagam
1032 1314 1102 1343 limo
1127 1323 1228 1343 rursus
1250 1315 1405 1343 obducere.

241 1363 304 1400 Jam
332 1363 429 1400 itaque
456 1363 526 1391 mihi
551 1364 649 1392 videor
676 1365 815 1399 probasse
836 1365 915 1393 brevi
934 1364 1103 1398 ratiocinio,
1125 1371 1184 1392 tum
1209 1372 1243 1392 ex
1265 1364 1328 1400 ipsa
1354 1364 1462 1393 ratione
1485 1366 1636 1400 desumto,
1657 1372 1724 1394 tum

204 1422 239 1443 ex
261 1413 381 1443 historia
400 1420 427 1442 et
451 1414 618 1449 quotidiana
637 1415 811 1450 experientia
836 1415 977 1450 probato,
1008 1420 1123 1441 tanturnv
1142 1413 1234 1442 valere
1261 1422 1356 1442 sanem
1381 1414 1577 1451 Empeffiam,
1606 1422 1640 1444 ut
1664 1416 1727 1445 sine

206 1465 256 1494 illa
281 1466 361 1494 nulla
390 1465 506 1494 formari
529 1465 625 1501 possit
646 1465 721 1494 bona
743 1466 899 1501 iudicatio,
930 1466 987 1494 imo
1017 1472 1049 1493 ut
1071 1465 1154 1493 nulla
1182 1464 1299 1493 omnino
1329 1465 1424 1500 possit
1455 1466 1574 1495 existere
1595 1467 1727 1496 doctrina

205 1516 424 1546 indicationum.
476 1516 552 1545 Tota
573 1516 647 1545 enim
675 1517 829 1553 disciplina
852 1517 960 1545 medica
978 1516 1128 1552 empeiriae
1154 1524 1235 1544 sanae
1259 1516 1409 1551 inuititur,
1438 1522 1465 1545 et
1492 1526 1603 1546 omnem
1629 1518 1726 1554 itaque

205 1568 343 1596 theoriam
375 1568 512 1597 medicam
541 1577 556 1597 a
587 1568 668 1605 praxi
701 1569 807 1606 corrigi
839 1569 939 1598 debere
967 1576 1069 1598 censeo
1087 1588 1096 1604 ,
1129 1576 1191 1596 non·
1223 1575 1291 1596 vero
1319 1567 1421 1604 praxin
1455 1568 1573 1598 theoriis
1612 1578 1727 1599 accom-

205 1620 325 1649 modari.
1399 1609 1402 1612 ⁴

245 1668 289 1698 Ut
309 1676 402 1698 autem
423 1670 527 1706 aliquis
551 1672 600 1700 fiat
622 1673 751 1702 medicus
776 1682 843 1703 sane
863 1675 1048 1712 empeiricus‚
1070 1684 1130 1705 non
1151 1674 1232 1712 parvi
1255 1674 1391 1704 momenti
1417 1674 1487 1703 mihi
1508 1683 1568 1704 esse
1591 1673 1722 1708 videtur,

205 1728 316 1756 paucos
334 1727 444 1750 tantum
464 1723 554 1759 legere
574 1723 685 1760 libros,
708 1725 757 1753 sed
780 1726 847 1755 illos
867 1726 1027 1762 imprimis,
1051 1728 1101 1763 qui
1116 1727 1282 1756 morborum
1307 1726 1463 1761 historias,
1489 1734 1547 1754 non
1568 1725 1726 1754 theoretice

206 1770 375 1808 confectas,
397 1773 447 1801 sed
472 1781 602 1803 accurate
615 1777 773 1805 secundum
790 1784 918 1807 naturam
941 1777 1115 1812 delineatas,
1138 1777 1304 1813 continent3
1328 1784 1360 1805 ut
1382 1778 1423 1805 sic
1451 1777 1480 1805 in
1506 1776 1619 1805 defectu
1641 1784 1728 1812 expe-

205 1821 322 1850 rientiae
344 1824 477 1859 propriae
498 1825 619 1854 aliorum
644 1828 816 1863 experientia
848 1829 890 1857 uti
915 1830 1011 1866 possit
1037 1831 1137 1867 Junior
1164 1829 1311 1864 medicus,
1341 1829 1497 1857 secundum
1526 1837 1611 1864 quam
1638 1829 1722 1858 insti-

206 1879 286 1902 tuere
306 1875 389 1904 debet
411 1885 518 1907 curam.
563 1878 638 1908 Nam
667 1880 729 1916 illi,
759 1882 810 1917 qui
834 1882 862 1911 in
886 1882 966 1918 praxi
990 1887 1223 1915 consenuerunt,
1254 1880 1393 1909 ordinarie
1423 1880 1609 1917 experiuntur
1630 1881 1728 1916 plero-

207 1933 329 1960 rumque
360 1934 547 1962 systematum
584 1930 770 1967 futilitatem,
797 1938 824 1960 et
861 1933 928 1962 hinc
960 1933 1060 1969 potius
1096 1939 1186 1969 agunt
1217 1940 1232 1960 e
1260 1931 1382 1960 sollicita
1405 1931 1616 1967 comparatione
1644 1929 1728 1959 effec-

206 1978 305 2010 tuum,
335 1984 410 2011 quos
440 1977 513 2014 ipsis
547 1981 698 2010 observare
728 1983 868 2021 contigit,
897 1990 924 2012 et
949 1984 999 2020 qui
1030 1984 1151 2012 maxime
1178 1983 1346 2012 conducunt
1377 1983 1411 2010 ad
1441 1981 1603 2011 formandas
1631 1981 1725 2010 bonas

203 2022 399 2058 indicationes.
439 2028 549 2067 Insigni
573 2031 638 2061 hinc
663 2033 817 2072 privilegio
839 2036 963 2073 gaudent
989 2036 1092 2066 medici
1117 2043 1283 2073 magnarum
1305 2035 1439 2071 urbium,
1461 2034 1530 2071 qui,
1559 2034 1725 2072 praesertim

1700 2093 1725 2113 si
