1913 2427
254 140 273 172 8
566 142 1382 179 ΙῬΕΤΒῙΟΑἸΙΡΕΗ

252 234 339 263 quam
363 223 545 258 excolendam
579 235 734 264 statuerat,
763 230 997 267 progrederetur,
1024 231 1093 260 huic
1116 231 1240 260 dei'ectui
1262 233 1397 269 supplere
1419 233 1532 270 voluit,
1562 234 1764 272 Koornberti,

251 279 450 316 aliorumque,
469 281 500 310 in
514 286 661 310 senectute
682 281 788 310 Litcris
805 281 962 311 ediscendis
978 290 1090 318 operam
1114 284 1295 320 navantinm,
1318 286 1444 321 exempla
1469 291 1598 319 secutus.
1636 287 1764 316 Primum

259 327 339 366 nimii
351 331 487 369 'Anglum
503 333 671 368 quemdam,
692 332 792 361 deinde
813 334 890 369 apud
908 334 1037 362 Frisium
1062 334 1240 370 Abbamam,
1264 335 1295 364 in
1321 336 1436 365 Scliolis
1462 336 1584 369 Latinis,
1602 345 1767 373 praecepto-

257 379 506 417 mvimlterioris
536 382 712 420 cognitionis
736 383 921 414 fundamenta
948 385 1060 422 posuit.
1105 386 1213 415 Deinde
1244 387 1434 416 diversissimi
1458 388 1616 424 argumenti
1645 388 1768 424 plurima

257 432 390 469 poemata
410 434 602 470 conscripsit,
629 434 663 463 in
682 435 808 471 quibus,
835 435 893 465 nisi
918 436 1074 472 omnibus,
1103 443 1132 466 at
1154 437 1300 474 plerisque
1323 445 1436 475 tamen,
1462 438 1609 475 ingenium
1632 446 1648 466 a
1666 444 1767 468 natura

252 483 454 519 efformatum,
476 485 630 521 singularis
653 485 713 514 vis
710 490 749 515 et
768 486 904 523 elegantia
930 487 1065 518 dictionis
1088 488 1220 517 eminent.

295 535 430 564 Ceterum
449 544 543 573 neque
566 536 637 565 mihi
659 537 842 573 propositum
863 544 908 570 est
931 538 987 567 ista
1002 539 1099 568 omnia
1116 547 1295 575 enumerare,
1316 548 1410 576 neque
1428 540 1458 569 in
1479 539 1665 570 Carminibus
1683 540 1769 570 Ethi-

256 586 286 616 ci
314 593 357 615 et
362 585 463 624 Lyrici
484 588 642 624 argumenti
675 589 844 620 Voudclium
873 590 976 626 sequi,
1002 599 1068 619 cum
1097 590 1263 620 Literariam
1295 597 1406 621 tanturn
1438 591 1571 620 notitiam
1597 592 1653 621 sim
1685 592 1769 621 datu-

258 645 329 672 rus,
350 637 450 666 deinde
467 646 534 667 vero
558 639 593 667 ad
613 638 734 677 Tragica
755 641 817 669 sola
835 641 996 672 deflexurus
1020 641 1187 678 specimina.
1340 666 1341 671 ,

291 687 421 718 'Peractis
437 689 515 717 hisce
527 689 639 719 studiis
649 692 794 726 ‚falteram
811 692 999 729 Tragoediam
1015 692 1126 723 Noster
1136 694 1475 731 edidimal-lierosolymas
1491 694 1638 736 fastatas
1648 714 1659 729 ,
1681 702 1769 730 quam

258 739 360 768 deinde
378 747 412 768 ex
426 740 573 777 prioribus
599 742 736 778 scriptis,
758 751 848 778 quae,-
874 743 998 780 Virgilii
1012 744 1291 781 exemplo,‚rapidis
1313 744 1435 774 flammis
1456 744 1528 772 tradi
1549 744 1692 780 jusserat,
1720 754 1770 775 so·

256 789 313 818 lam
334 792 499 820 servandam
519 797 562 820 est
584 791 755 822 arbitratus*
788 793 866 822 Octo
887 794 1001 822 demum
1023 795 1106 824 annis
1129 801 1199 831 post
1231 796 1361 831 (quibus
1392 794 1502 823 infirma
1528 795 1668 824 laboravit
1697 797 1770 825 vale-

255 841 380 879 tudine)
403 851 481 872 novo
504 844 621 879 ardore,
642 843 766 881 poeticis
790 844 893 874 studiis
916 853 1032 881 operam
1054 845 1154 880 dedit,
1184 847 1314 882 multos,
1339 854 1390 875 nec
1411 845 1545 875 minimos
1572 846 1660 881 illos,
1687 847 1768 877 brevi

255 897 388 929 (empore
407 902 579 931 progressus
603 895 731 930 faciens,
752 895 884 933 Hfflfftit',
900 895 1012 932 Rani,
1028 896 1159 928 Bremia·
1180 897 1195 930 ζ
1204 898 1254 933 qui
1278 906 1353 926 anno
1375 905 1524 931 mnexxv,
1543 895 1656 926 Literas
1680 897 1769 930 Grae-

257 952 309 972 cas
331 949 360 972 et
376 943 518 981 Logicam
541 946 709 976 Vondelium
731 947 856 984 docuit)
879 947 1059 983 aliorumque
1089 947 1195 977 meritis
1221 948 1374 977 celebrium
1401 948 1529 976 virorum
1556 955 1610 982 ope
1637 949 1765 985 adjutus.

255 994 328 1024 Hoc
349 1001 530 1032 autemfprae
547 997 652 1035 ceteris
671 998 859 1032 admiratione
875 998 993 1034 dignum
1012 1005 1083 1041 Zestu,
1112 999 1190 1033 quod
1213 999 1300 1028 tantis
1324 997 1490 1027 domesticis
1514 997 1681 1034 laboribus,
1707 1008 1769 1029 mo·

253 1045 349 1075 lestiis
373 1053 400 1075 et
421 1048 680 1083 aerumnis,2tanta
694 1055 860 1086 paupertate
877 1055 904 1077 et
923 1049 1054 1085 miseria,
1074 1049 1391 1086 praepeditusmoster,
1419 1057 1506 1079 artem
1527 1048 1637 1083 libero,
1663 1050 1688 1078 si
1709 1051 1768 1080 ulla

259 1097 331 1132 alia,
358 1104 385 1126 et
404 1107 504 1128 sereno
527 1099 622 1128 animo
640 1100 832 1137 indigentem,
853 1100 1020 1129 excoluerit.
1063 1100 1154 1129 Rixae
1173 1101 1207 1129 de
1229 1101 1382 1138 religione,
1409 1101 1474 1129 lites
1493 1100 1527 1129 de
1547 1100 1682 1136 politices
1705 1108 1768 1130 stu-

258 1148 308 1176 dio
330 1156 441 1185 motae,
469 1149 580 1178 infirma
604 1151 734 1187 corporis
756 1158 782 1180 et
804 1151 890 1197 animi
914 1152 1065 1188 valetudo,
1094 1152 1198 1188 frater,
1221 1152 1273 1188 qui
1293 1153 1351 1189 ipsi
1376 1152 1467 1180 fuerat
1486 1151 1766 1188 conjunctissimus,

260 1199 450 1236 Guilielmus,
473 1200 622 1230 immatura
643 1209 733 1231 morte
737 1210 910 1246 Rcrcmtus,
932 1203 985 1231 iter
1001 1203 1031 1232 in
1052 1203 1202 1240 Daniam,
1233 1210 1327 1240 erepta
1343 1203 1419 1239 sibi,
1440 1202 1610 1232 tristissimo
1627 1203 1705 1238 fato,
1726 1203 1770 1232 di-

254 1250 335 1278 lecta
355 1252 480 1287 conjux,
507 1244 642 1281 mulctae
651 1254 831 1289 pecuniariae
843 1248 977 1283 inflictae
994 1275 1004 1290 ,
1033 1255 1137 1291 grande
1159 1263 1206 1284 aes
1228 1255 1351 1284 alienum
1374 1263 1390 1283 a
1412 1254 1558 1283 dissoluto
1579 1253 1640 1282 filio
1663 1254 1770 1283 confla-

250 1302 467 1342 sum:‚1.doior
473 1309 635 1339 paternu32·
639 1303 677 1333 -in
687 1312 846 1341 εαξηερωῐε
860 1314 972 1337 summa
992 1307 1162 1341 pauperies,
1184 1306 1247 1343 vile¹
1260 1314 1365 1335 munus
1387 1305 1444 1341 ipsi
1464 1305 1607 1340 delatum,
1634 1306 1771 1342 quodque

248 1354 407 1391 imaximam
427 1353 602 1389 diligentiam
626 1355 803 1390 requirebat,
824 1355 937 1384 poetam
959 1363 1111 1391 nostrum,
1134 1356 1191 1392 (ut
1210 1357 1243 1385 de
1267 1356 1326 1385 filio
1350 1355 1484 1391 filiaque,
1513 1355 1661 1383 tenerrima
1681 1363 1770 1385 aetate

257 1403 429 1439 exstinctis,
445 1407 574 1442 taceam)
591 1406 666 1433 haud
688 1405 877 1442 impedivere,
902 1407 974 1442 quin
996 1407 1141 1435 innumera
1162 1407 1304 1443 carmina,
1326 1406 1474 1435 versiones
1493 1406 1598 1434 multas
1617 1415 1632 1434 e
1656 1406 1769 1436 Graeco

258 1453 426 1490 Latinoque
445 1464 576 1484 sermone
594 1456 624 1484 in
647 1463 796 1511 nostrum,
819 1463 846 1485 et
868 1457 983 1494 triginta
1004 1457 1176 1506 Tragoedias
1197 1459 1307 1493 ederet,
1336 1465 1455 1493 quarum
1477 1462 1581 1485 novem
1603 1464 1636 1486 ex
1659 1457 1770 1487 Latino

267 1507 440 1541 Graecoque
470 1515 618 1542 sermone,
648 1492 753 1544 pati-iae
777 1508 891 1545 linguae
913 1509 1040 1537 traditae.
1087 1508 1195 1537 Harum
1223 1509 1339 1538 nomina
1363 1513 1450 1536 sunt.
1480 1507 1605 1536 Troades
1626 1508 1768 1545 Senecae,

263 1556 454 1594 Hipde-,tus
476 1557 595 1587 Hecuba
617 1559 762 1595 ejusdem:
790 1559 933 1599 Jascphus
951 1560 1013 1588 sive
1036 1560 1280 1599 Sophompaneas,
1302 1568 1337 1602 ex
1360 1557 1587 1588 Grotii'Latina
1609 1558 1769 1596 Tragoedia

256 1608 459 1644 cognomine,
480 1608 623 1645 Electra,
653 1610 776 1648 Oedipus
798 1607 971 1648 Tyrannus,
1001 1610 1140 1640 Hercules
1167 1608 1343 1651 Trachinius
1368 1618 1402 1639 ex
1422 1608 1584 1649 Sophoclis,
1613 1608 1767 1648 Iphigenia

247 1657 290 1698 in
307 1658 419 1699 Tauq's
438 1666 466 1688 et
485 1658 670 1701 Maenium.
677 1669 711 1689 ex
731 1661 887 1700 Euripidis
907 1662 1088 1699 fragoediis.

301 1709 437 1745 Illarum,
459 1718 567 1747 praeter
587 1712 643 1748 jam
668 1711 759 1742 dIctas
781 1712 923 1741 Pascham
938 1720 965 1741 et
980 1713 1190 1750 Ilierosolymas
1211 1714 1243 1743 V
1239 1720 1373 1750 a,statas
1394 1711 1582 1748 Palamedes,
1602 1711 1768 1742 Messalina

238 1759 428 1795 -(deperdita
448 1761 487 1789 ob
510 1768 638 1791 aetorum
662 1763 901 1800 imprudentiam,
922 1764 1049 1800 Satyram
1075 1765 1197 1801 hujusce
1220 1766 1358 1801 temporis
1378 1765 1408 1793 in
1434 1765 1484 1792 hac
1503 1763 1661 1799 Tragoedia
1683 1772 1767 1799 quae-

246 1805 406 1861 'rentium,
418 1816 443 1839 a
463 1812 570 1855 quibus
591 1813 647 1851 sibi
672 1815 828 1843 cavendum
851 1815 1004 1844 Van-dalius
1029 1824 1072 1845 est
1092 1817 1197 1853 ratus)
1225 1817 1380 1853 Virgines,
1411 1814 1568 1851 Gysbertus
1588 1814 1764 1850 Anzstelius,

255 1852 393 1903 fratres
394 1832 491 1892 ,δἀαΙί
504 1859 586 1905 filii,
606 1853 748 1909 Jascph'us
770 1867 802 1894 iu
827 1862 962 1901 Dorsum,
983 1867 1015 1894 iu
1043 1866 1151 1904 Amyp
1155 1877 1187 1902 0,
1208 1867 1314 1895 Petrus
1327 1872 1353 1894 et
1369 1865 1509 1898 Paullus,
1530 1864 1638 1893 Masta
1663 1866 1767 1897 Stuar-

260 1917 314 1949 ta,
335 1913 466 1950 Salomo,
491 1904 634 1952 Lucifer,
661 1917 848 1953 Salmoneus,
879 1912 969 1955 Jeoh}
959 1927 1008 1953 a,
1038 1918 1168 1947 Davides
1202 1917 1316 1952 ΕΜαΙ,
1342 1901 1414 1944 idem
1440 1918 1471 1944 in
1493 1915 1623 1954 Regnum
1647 1917 1767 1950 resum-

1698 1970 1765 2002 tus,
