1913 2427
525 279 1297 321 PRAEFATIO·

146 440 365 512 Periculum
385 474 459 503 mihi
478 481 535 512 pro
548 473 679 510 juvenili
702 477 798 501 aetate
827 479 854 502 et
882 474 995 511 exiguis
1019 474 1129 504 viribus
1144 473 1269 513 facturo
1294 469 1484 512 >quaestionem
1511 475 1666 505 tractandi

133 527 267 565 priorem
287 526 324 555 ab
349 525 460 555 Ordine
481 525 680 565 Philosophiae
699 524 883 553 Theoreticao
906 531 934 553 et
957 525 1133 555 Literarum
1154 526 1369 555 Humaniorum
1392 527 1586 565 propositam,
1606 537 1662 557 non

138 577 244 606 inutile
257 577 349 607 visum
367 583 428 613 est,
443 568 585 615 quaedam
600 577 811 615 praemittere,
829 586 893 605 cum
907 576 942 605 de
954 586 1055 613 sensu,
1073 587 1127 616 quo
1143 577 1314 616 capiendam
1331 586 1388 607 esse
1403 580 1595 616 quaestionem
1602 586 1661 617 pu-

136 632 225 668 tavi,
246 636 307 659 tum
327 629 363 659 de
386 630 497 668 ordinis
517 636 605 668 atque
625 631 754 658 instituti
779 631 912 666 ratione,
933 640 1021 668 quam
1043 631 1075 658 in
1095 639 1129 658 ea
1153 629 1314 659 tractanda
1335 636 1446 659 secutus
1470 639 1542 658 sum.

132 710 135 713 .
176 682 320 720 ¹Quaestio
343 683 387 710 his
407 682 500 711 verbis
521 683 704 710 continetur:
956 670 959 672 .

167 745 198 768 ⁴„
215 732 395 768 Principium
411 731 616 768 Philosophiae
642 731 758 760 moralis
781 736 809 760 et
837 730 1008 761 Officiorum
1032 737 1193 768 exponatur
1212 740 1228 760 e
1252 731 1397 761 Ciceronis
1426 731 1573 768 Operibus
1594 731 1660 774 Ph?-

128 803 158 823 ,ι
174 784 356 821 Iosophic153
379 783 418 812 ita
442 791 474 812 ut
493 784 673 820 singularum
695 782 899 812 sententiarum
923 785 1039 819 pondus
1067 791 1094 812 et
1116 784 1331 821 argumentandi
1355 784 1428 813 ratio
1445 782 1658 820 dijudicetur.”

171 838 274 867 Primo
297 840 397 876 itaque
424 839 476 867 hoc
504 839 624 868 voluisse
656 838 735 867 Ordo
761 838 945 867 Clarissimus
975 838 1048 866 mihi
1081 836 1237 866 videbatur
1251 857 1262 872 ‚
1293 841 1325 865 ut
1348 835 1428 864 illud
1449 844 1485 864 ex
1515 835 1660 865 Ciceronis

129 891 249 928 seriptis
267 890 452 928 Principium
476 889 675 928 Philosophiae
697 890 817 918 moralis
839 897 1049 930 exponeretur,
1071 890 1149 929 quod
1162 890 1294 919 Ciceroni
1314 891 1371 927 ipsi
1387 896 1463 927 prae
1478 889 1581 917 ceteris
1590 889 1658 927 pla-

128 943 224 972 cuisse
252 942 443 980 probaretur.
488 941 595 971 Cicero
622 944 697 970 enim
734 952 798 972 cum
832 944 990 973 multorum
1024 948 1052 970 et
1076 941 1256 973 diversorum
1283 940 1519 979 Philosophorum
1548 947 1657 969 senten-

126 995 208 1029 ὅίω,
227 1000 256 1022 et
275 995 426 1032 principia
449 993 595 1028 moralia,
611 995 646 1022 in
665 995 781 1032 scriptis
802 996 859 1023 suis
884 995 1024 1033 explicet,
1046 1000 1124 1023 certe
1138 996 1189 1023 uni
1207 1003 1243 1022 ex
1263 994 1307 1021 his
1324 1000 1401 1031 prae
1424 994 1528 1021 ceteris
1545 993 1653 1030 favet.-

130 1045 219 1084 idque
239 1052 272 1077 ut
294 1052 421 1074 eruatur
441 1051 470 1073 et
491 1045 661 1083 diligentius
678 1052 843 1084 exponatur
855 1048 970 1084 exigere
980 1046 1160 1084 propositam
1180 1047 1371 1083 quaestionem
1392 1044 1559 1072 arbitratus
1581 1052 1654 1075 sum.

127 1095 202 1127 Nisi
228 1098 302 1126 enim
328 1097 375 1126 ita
408 1096 646 1135 intelligeretur,
675 1099 819 1126 incertum
852 1099 924 1126 mihi
947 1097 1039 1137 plane
1067 1096 1223 1127 videbatur
1237 1116 1247 1133 ,
1283 1095 1427 1134 quodnam
1454 1096 1655 1134 potissimum,

124 1147 209 1176 inter
231 1147 345 1184 multa,
367 1147 520 1178 illustrari
539 1148 724 1187 Principium
747 1148 827 1178 Ordo
848 1149 945 1179 vellet.

162 1197 279 1227 DeInde
294 1208 324 1228 eo
336 1200 453 1229 consilio
464 1201 642 1238 praesertim
653 1202 833 1240 propositam
851 1209 907 1229 esse
922 1198 1127 1238 Quaestionem
1148 1200 1333 1236 existimavi,
1353 1205 1387 1228 ut
1401 1207 1420 1228 a
1427 1198 1554 1235 J'uvene,
1571 1198 1655 1237 peri-

79 1276 83 1280 .
120 1248 224 1279 culum
238 1249 385 1287 facturo,
405 1253 544 1291 specimen
565 1251 770 1288 exhiberetur,
798 1259 996 1289 ostensurum,
1018 1262 1080 1282 eum
1102 1254 1134 1281 in
1157 1252 1318 1287 Cicerone,
1338 1251 1515 1289 praesertim
1537 1251 1569 1279 in
1590 1249 1652 1291 ejus=

125 1300 244 1338 scriptis
260 1299 487 1339 Philosophicis‚
506 1305 552 1331 ita
564 1303 680 1339 legendo
703 1310 850 1334 versatum
867 1314 945 1341 esse,
966 1312 1000 1334 ut
1021 1305 1161 1335 Auctoris
1180 1302 1385 1342 intelligendi,
1410 1301 1596 1341 explicandi,
1622 1308 1652 1331 et

125 1360 165 1380 ex
183 1360 211 1380 se
234 1353 294 1390 ipso
320 1352 515 1390 illustrandi,
537 1354 718 1391 facultatem
741 1357 870 1387 haberet.
913 1356 997 1386 Unde
1018 1358 1172 1395 sequitur,
1194 1365 1251 1384 non
1272 1354 1307 1384 id
1325 1356 1450 1394 quaeri,
1472 1361 1506 1384 ut
1521 1364 1556 1384 ex
1581 1353 1650 1396 aliis

122 1402 295 1432 auctoribus
317 1403 372 1433 lux
393 1405 530 1434 Ciceroni
550 1406 749 1445 accendatur‚·
769 1408 820 1438 scd
837 1415 890 1444 ut,
914 1418 1003 1447 quam
1025 1411 1158 1447 proxime
1187 1406 1341 1437 Ciceronis
1364 1408 1492 1444 vestigiis
1519 1408 1649 1434 insisten-

122 1455 168 1490 ei,
191 1454 297 1484 Cicero
313 1464 351 1485 ex
366 1455 507 1486 Cicerone
517 1458 563 1485 ita
579 1458 759 1496 explicetur,
777 1464 828 1496 ut,
851 1460 927 1499 quid
938 1460 994 1490 sibi
1004 1460 1131 1490 voluerit
1145 1459 1280 1494 Auctor,
1300 1458 1382 1487 clare
1397 1459 1469 1486 satis
1483 1461 1646 1495 appareat,

119 1505 201 1545 quod
220 1507 259 1534 sit
283 1509 492 1537 sententiarum
511 1508 642 1548 pondus,
663 1520 738 1549 quae
758 1511 991 1549 argumentandi
1005 1513 1103 1547 ratio,
1124 1510 1253 1548 deinceps
1273 1509 1473 1546 dijudicetur,-
1492 1517 1521 1537 eo
1542 1515 1646 1537 rursus

121 1556 221 1593 modo,
243 1565 276 1588 ut
299 1569 334 1588 ea
349 1562 447 1598 potius
473 1561 516 1590 ad
533 1571 665 1592 normam
689 1570 719 1592 et
739 1565 881 1593 rationem
904 1563 1107 1601 Philosophiae
1128 1562 1355 1597 Ciceronianae,
1384 1567 1413 1588 et
1433 1569 1515 1599 quast
1545 1569 1581 1588 ex
1599 1559 1647 1588 Ci-

119 1617 240 1646 cerone,
261 1611 464 1649 expendantur
487 1620 514 1642 et
536 1616 712 1652 exigantur,
734 1625 821 1653 quam
845 1622 879 1645 ut
899 1615 1037 1644 adhibitis
1055 1614 1143 1650 aliis,
1161 1615 1340 1652 praesertim
1363 1614 1556 1642 recentiorum
1575 1611 1645 1640 Phi·

123 1661 323 1701 Iosophorum,
344 1664 379 1692 de
398 1664 553 1704 disciplina
576 1667 684 1696 morali
704 1667 863 1703 doctrinis,
892 1673 946 1696 aut
967 1676 1017 1696 suo
1040 1672 1136 1695 marte
1155 1666 1373 1704 philosophante
1401 1665 1528 1703 responsi
1549 1669 1644 1692 aucto-

123 1722 176 1751 re,
197 1714 342 1744 Ciceronis
365 1719 508 1746 sententia
531 1724 648 1748 vocetur
669 1718 837 1756 adjudices
849 1740 859 1756 ‚
883 1718 930 1750 vet
952 1719 988 1748 ab
1010 1719 1065 1748 hac
1082 1719 1197 1747 ratione
1212 1718 1295 1756 longe
1316 1717 1510 1755 discrepantes
1529 1722 1555 1741 et
1571 1712 1643 1741 alic·

121 1774 192 1801 ⁰1⁰5,
211 1767 277 1803 vel,
298 1767 376 1806 quo‘d
390 1769 495 1806 pejus,
517 1770 559 1798 ad
578 1771 716 1808 impares.
756 1770 839 1801 Illud
853 1772 949 1809 igitur
973 1771 1067 1808 magis
1088 1769 1333 1807 dijudicandum„
1361 1765 1496 1805 quomodo
1519 1764 1640 1801 Cicero,

123 1815 192 1853 ⁸7²3,
221 1828 308 1856 quam
329 1825 371 1848 est
391 1826 520 1857 secutus,
544 1821 766 1861 philosophandi
789 1823 901 1853 rationi
923 1823 962 1852 ab
990 1822 1067 1852 omni
1082 1826 1173 1860 parte
1200 1819 1393 1857 satisfecerit,
1420 1817 1529 1856 sibique
1550 1818 1583 1846 in
1605 1824 1642 1847 ea

115 1869 292 1898 comsiterit.
1112 1871 1117 1876 “

158 1916 228 1955 „Quo
245 1927 326 1949 sensu
340 1922 518 1960 propositam
532 1926 726 1963 quaestionem
743 1927 917 1965 accipienti,
940 1934 994 1955 non
1013 1925 1142 1956 alienum
1161 1925 1250 1956 visum
1272 1927 1330 1959 est,
1346 1923 1477 1962 primum
1497 1918 1642 1960 quaedam

116 1975 331 2013 praemittere,
353 1977 428 2007 unde
450 1978 593 2010 Ciceronis
611 1981 776 2021 Philosophi
799 1983 902 2021 aliqua
923 1980 1032 2010 notitia
1052 1979 1278 2017 acquir-eretum
1298 1974 1419 2017 quibus,
1437 1972 1572 2015 quomodo
1588 1971 1642 2006 Ci-

915 2032 944 2063 Α
963 2039 982 2059 2
1590 2028 1643 2056 Ges
