1913 2427
513 132 995 165 DISSERTATIO
1061 128 1337 166 MEDICA]
1637 148 1677 182 ²7

158 224 228 254 licet
245 223 404 261 abstracte,
424 230 458 253 ut
479 224 598 258 dicunt,
620 224 748 255 veritatis
769 225 889 256 formam
914 226 1063 263 adsumat,
1085 227 1256 264 experientia
1278 233 1372 256 tamen
1393 225 1497 256 falsum
1522 228 1681 266 reperitur;

159 276 240 313 quod
259 275 426 305 morborum
448 276 601 312 diagnosin
625 285 657 305 ac
685 276 821 305 theoriam
849 284 908 305 non
935 283 1045 305 tantum
1075 286 1135 307 non
1162 278 1252 306 reddit
1281 277 1437 307 faciliorem
1460 285 1489 307 et
1510 280 1680 316 certiorem,

156 336 256 358 verum
270 336 354 365 saepe
369 328 432 357 illas
450 328 534 365 plane
551 328 690 365 impedit,
712 334 739 356 et
754 328 796 356 sic
812 328 842 357 in
855 334 1033 365 aegrotorum
1050 329 1203 365 perniciem
1221 329 1299 364 ruit,
1322 328 1372 357 ubi
1382 328 1515 358 Medicus
1532 331 1679 367 practicus

156 378 291 416 empeiria
316 379 446 408 rationali
471 380 576 408 ductus
590 400 601 414 ,
623 379 932 408 excellentissimorum
950 379 1078 408 omnium
1099 386 1262 416 temporum
1284 380 1467 410 Medicorum
1482 381 1678 417 practicorum

159 430 429 466 observationibus,
452 431 677 466 morborumque
690 430 843 466 historiis,
864 430 898 459 ab
921 431 957 460 iis
979 437 1110 460 accurate
1127 431 1300 468 descrIptis,
1329 431 1481 467 munitus,
1502 440 1601 469 aegros
1619 441 1678 462 ser·

153 490 220 511 vare
240 487 353 518 posset.
397 480 529 510 Utilitate
551 487 645 511 tamen
674 481 770 518 aliqua
798 490 829 511 se
856 481 912 510 tale
945 490 1070 519 sysrema
1098 482 1294 512 commendare
1321 488 1438 520 potest3
1468 482 1600 512 videlicet
1620 492 1674 513 no-

153 541 219 563 vam
238 532 312 562 forte
328 541 419 562 rerum
435 531 536 562 faciem
559 533 660 570 offert,
681 542 737 569 qua
759 533 793 562 ad
815 532 948 562 veritates
968 533 1036 562 duci
1055 542 1231 569 possumus,
1252 542 1346 570 quae,
1370 533 1437 562 licet
1464 535 1677 570 exspectationi

153 592 214 614 non
236 585 453 620 respondeant,
481 584 624 621 ingentem
652 584 923 614 tamenutilitatem
953 584 1008 613 arti
1039 583 1170 613 Medicae
1196 584 1294 612 afferre
1323 590 1460 620 possunt.
1501 585 1622 622 Egregie
1645 591 1674 615 et

151 644 219 672 prae
241 635 305 664 aliis
327 636 453 665 Medicis
475 645 540 665 curn
564 636 643 664 bono
667 644 807 665 successu
830 641 1001 665 memoratos
1029 635 1109 664 viros
1137 635 1240 672 praxin
1270 634 1412 663 Medicam
1441 635 1603 664 exercuisse
1627 644 1671 665 re-

152 686 250 716 ferunt
270 687 363 716 variae
382 688 416 716 de
438 687 482 716 his
500 687 569 716 viris
586 687 679 716 adhuc
703 687 835 724 cognitae
855 687 1021 716 morborum
1040 687 1224 715 curationum
1241 684 1397 721 historiae,
1418 687 1518 721 quales
1534 686 1564 715 in
1576 693 1676 717 nostra

150 738 316 776 praesertim
342 738 433 774 patria
455 738 489 767 de
511 747 626 767 summo
650 738 701 767 illo
724 738 883 767 Bocrhavio
904 738 1043 774 plurimae
1067 744 1227 766 narrantur.

188 789 357 819 Praesertim
385 796 478 818 autem
510 789 682 828 quotidiana
705 791 886 827 experientia
915 798 970 818 nos
999 790 1084 818 docet
1100 809 1111 824 ,
1148 788 1284 825 quidnam
1315 786 1461 824 Empeiria
1488 787 1616 818 conferat
1640 787 1676 817 ad

150 841 312 874 doctrinam
337 841 545 871 indicationum
569 848 596 870 et
619 841 779 871 universam
802 841 903 877 praxin
923 840 1079 870 Medicam.
1120 839 1217 869 Multa
1238 840 1342 868 dantur
1362 845 1574 876 symptomata,
1597 847 1672 875 quae

148 892 186 922 ad
204 901 318 921 causam
342 892 436 921 morbi
458 893 618 929 proximam
643 894 842 930 detegendam,
863 899 891 920 et
903 892 971 921 hinc
988 893 1022 921 ad
1039 891 1217 920 formandam
1250 891 1355 920 bonam
1380 890 1583 920 indicationem
1604 898 1676 919 con-

148 942 279 979 ducunt;
303 950 329 972 et
352 953 477 980 quorum
502 944 661 981 praesentia
683 944 712 973 in
733 943 857 981 singulis
879 943 988 973 morbis
1014 943 1085 980 quid
1107 943 1231 978 indicet,
1253 950 1308 972 nos
1330 941 1504 978 experientia
1524 941 1587 970 sola
1614 940 1675 970 sine

149 995 212 1023 ullo
233 995 386 1024 ratiocinio
414 995 531 1032 docuit,
553 1002 582 1025 et
601 1004 725 1032 quorum
749 994 879 1031 cognitio
903 995 1024 1023 maxime
1046 1002 1080 1023 ex
1112 993 1288 1023 semeioticis
1312 992 1432 1030 petitur.
1473 992 1519 1021 Ex
1543 992 1676 1020 observa·

149 1046 232 1076 tione
259 1055 410 1083 aegrorum
442 1056 524 1084 saepe
550 1047 678 1084 aliquid,
706 1047 793 1076 nobis
818 1052 882 1075 ante
904 1046 1107 1082 incognitum,
1140 1045 1236 1081 quoad
1259 1043 1462 1073 formationem
1489 1042 1673 1072 iudicationis

147 1097 258 1127 discere
279 1107 451 1135 possumuS.
495 1099 620 1138 Quando
645 1098 756 1128 scilicet
785 1098 815 1127 in
839 1098 942 1127 morbo
966 1097 1111 1134 quodam,
1133 1103 1217 1131 quem
1241 1102 1321 1127 antea
1344 1093 1551 1129 tractavimus,
1579 1101 1613 1122 ex
1634 1093 1675 1122 ef·

147 1148 230 1178 fectu
248 1149 371 1186 aliisque
390 1150 636 1186 circumstantiis,
657 1158 711 1179 nos
732 1149 829 1178 minus
853 1149 966 1178 felicem
992 1157 1042 1177 nec
1066 1148 1172 1176 bonam
1198 1146 1402 1176 indicationem
1426 1144 1568 1174 formasse
1597 1144 1674 1174 vide-

148 1208 234 1236 mus,
255 1207 326 1230 tunc
352 1200 467 1237 omnia,
490 1210 563 1238 quae
586 1201 824 1236 observavimus,
846 1199 995 1229 referimus
1016 1200 1052 1228 ad
1074 1198 1194 1227 similem
1216 1197 1369 1232 morbum,
1392 1196 1443 1233 qui
1464 1202 1563 1232 postea
1583 1195 1670 1224 nobis

146 1252 291 1288 occurrit,
311 1258 341 1281 et
363 1252 406 1281 sic
432 1261 466 1282 ex
491 1253 543 1282 hac
571 1252 787 1290 comparatione
811 1252 1009 1288 praecedentes
1035 1249 1224 1278 indicationes
1250 1247 1405 1285 dijudicare
1425 1253 1512 1284 atque
1532 1246 1562 1275 in
1593 1254 1673 1282 prae-

145 1302 221 1331 senti
241 1311 311 1331 casu
332 1309 441 1332 mutare
464 1312 636 1339 possumus.
682 1304 805 1333 Nullum
835 1303 897 1331 scio
924 1302 1091 1337 exemplum
1122 1300 1212 1336 magis
1238 1298 1448 1335 perspicuum,
1479 1305 1565 1333 quam
1599 1296 1672 1326 illud

143 1353 308 1382 desumtum
334 1362 369 1383 ex
393 1354 541 1382 sanatione
576 1355 737 1391 podagrae,
767 1354 818 1389 qui
845 1353 964 1381 morbus
992 1351 1123 1380 remediis
1154 1349 1327 1386 quibusdam
1355 1349 1436 1378 valde
1466 1347 1567 1377 amaris
1585 1368 1596 1383 ,
1626 1347 1670 1377 uti

143 1404 262 1441 pulvere
283 1404 375 1433 Ducis
390 1404 570 1433 Portlandiae
593 1414 627 1434 ex
649 1406 710 1434 rad.
736 1405 863 1442 gentian.
888 1410 960 1432 caet.
975 1423 986 1439 ,
1015 1403 1061 1432 vel
1083 1401 1182 1430 calidis
1202 1399 1427 1436 diaphoreticis,
1457 1398 1500 1427 uti
1522 1398 1670 1428 solutione

144 1454 254 1484 resinae
275 1455 386 1492 guaiae.
411 1455 440 1483 in
463 1455 562 1491 aliquo
585 1456 691 1492 spiritu
716 1464 783 1484 cum
805 1454 934 1491 plenario
957 1461 1041 1489 saepe
1065 1460 1203 1481 successu
1225 1451 1338 1480 ablatus
1358 1455 1420 1484 est,
1450 1449 1500 1477 sed
1522 1457 1586 1478 cum
1614 1449 1666 1478 hac

146 1506 282 1542 sequela,
313 1511 345 1534 ut
367 1505 442 1542 aegri
470 1512 539 1541 post
569 1505 654 1534 breve
679 1513 793 1542 tempus
824 1504 974 1541 apoplexia
998 1503 1092 1533 aliove
1118 1502 1242 1540 graviori
1268 1501 1344 1529 malo
1375 1500 1474 1529 subito
1503 1500 1670 1537 exstingue·

141 1563 262 1592 rentur,
283 1557 359 1585 unde
381 1556 544 1585 didicerunt
564 1557 625 1586 sani
647 1557 820 1593 Empeirici‚
841 1556 897 1586 hoc
921 1556 1028 1584 malum
1052 1554 1134 1583 nullo
1157 1553 1281 1582 remedio
1302 1551 1476 1586 efficaciore,
1497 1552 1544 1580 vel
1567 1552 1668 1581 saltem

141 1615 203 1637 non
226 1607 356 1637 remediis
377 1607 422 1636 his
451 1608 645 1643 enumeratis,
667 1616 729 1636 esse
750 1608 988 1644 oppugnandum.
1039 1605 1148 1634 Docuit
1168 1604 1202 1633 ab
1229 1604 1314 1632 altera
1338 1609 1418 1639 parte
1448 1601 1611 1631 observatio
1640 1607 1668 1631 et

141 1658 333 1696 experientia,
355 1667 440 1696 saepe
453 1659 579 1687 curabile
598 1667 660 1687 esse
678 1659 734 1687 hoc
751 1659 857 1687 malum
878 1667 926 1695 per
948 1657 1035 1687 vitam
1055 1661 1263 1692 campestrem,
1285 1653 1476 1687 laboriosam,
1495 1661 1562 1681 cum
1575 1651 1667 1681 diaeta

141 1711 232 1740 lactea
251 1716 279 1738 et
301 1710 470 1747 vegetabili,
494 1718 565 1747 quae
583 1716 652 1739 tunc
677 1719 745 1738 cura
766 1709 934 1746 tempestive
957 1707 1139 1743 suscipienda
1165 1712 1192 1734 et
1210 1706 1259 1735 diu
1275 1704 1469 1734 continuanda
1491 1710 1547 1732 est.
1589 1702 1663 1732 Sana

140 1760 286 1797 Empeiria
306 1761 425 1797 docuit,
448 1762 546 1790 saltem
572 1770 606 1791 ex
628 1761 765 1798 opinione
789 1760 888 1799 magni
903 1759 1078 1794 Boot-huvil,
1104 1757 1198 1786 febres
1227 1756 1445 1786 intermittentes
1468 1753 1613 1789 vernales,
1637 1752 1664 1782 si

138 1820 200 1843 non
223 1811 309 1841 nimis
330 1812 380 1841 diu
400 1813 622 1849 protrahantur,
644 1813 678 1841 ad
704 1813 922 1849 longaevitatem
950 1811 1119 1846 disponere3
1148 1808 1249 1837 docuit
1278 1814 1436 1844 practerea,
1465 1805 1574 1834 casdem
1603 1812 1664 1834 non

137 1863 219 1900 justo
241 1863 328 1892 citius
348 1873 518 1900 oppressas,
540 1864 697 1900 pertinaces
714 1864 831 1893 morbos
846 1862 1001 1892 chronicos
1023 1861 1178 1897 aliquando
1198 1858 1319 1888 feliciter
1335 1865 1451 1893 curare,
1478 1864 1504 1886 ct
1527 1856 1664 1885 invetera-

136 1920 183 1943 tae
201 1914 372 1952 epilepsiae,
396 1915 518 1951 aliisque
536 1916 644 1944 morbis
668 1914 865 1953 pertinacibus
885 1913 1034 1949 nervosis,
1054 1920 1112 1941 non
1133 1920 1195 1940 raro
1215 1910 1329 1938 mederi.
1370 1908 1451 1937 Mere
1472 1916 1548 1937 nunc
1566 1906 1664 1935 Theo-

135 1965 243 1994 rcticus
266 1973 294 1994 et
318 1967 397 1996 nulla
421 1967 564 2004 Empeiria
588 1968 753 2004 praeditus,
773 1968 806 1996 ad
831 1965 975 1995 hominem
1002 1964 1053 1992 hac
1071 1963 1149 1991 febre
1166 1963 1339 1991 laborantem
1357 1967 1497 1995 vocatus,
1520 1957 1658 1994 quoniam

137 2018 236 2057 nulla,
256 2026 308 2048 nce
328 2027 382 2049 sua
406 2026 457 2050 nec
480 2019 622 2059 aliorum,
643 2019 816 2058 experientia
838 2019 942 2049 doctus
962 2016 1021 2046 vim
1039 2014 1247 2045 medicatricem
1263 2012 1388 2043 febrium
1405 2009 1660 2063 intermittendum

932 2067 960 2098 D
981 2076 999 2096 2
1623 2066 1666 2096 13⁴
