1913 2427
163 153 211 197 [aa
408 150 972 188 ERAN01501
1059 152 1419 186 ainans

448 515 785 570 CAPUT
880 516 1394 566 QUINTUM·

567 659 612 679 DE
641 658 768 679 PUGNA
796 658 931 680 UTILIS
961 658 1040 678 CUM
1067 658 1266 679 HONESTO.

168 775 276 843 Post
303 809 449 857 exordium
473 808 540 838 libri
561 808 612 837 111
603 826 634 843 ,
662 816 721 844 quo
742 807 776 837 P.
797 808 954 847 Scipionem
982 808 1160 846 Africanum
1185 808 1331 844 Majorcm
1361 808 1473 843 laudat,
1500 806 1579 844 quod
1601 807 1682 836 dixe·-

169 868 228 890 rat:
251 869 397 897 nunquam
422 852 452 889 se
470 860 566 889 minus
590 860 717 888 otiosum
735 867 816 894 esse,
843 868 928 895 quam
948 868 1013 888 cum
1036 860 1171 895 otiosus,
1193 867 1245 888 nec
1261 859 1356 888 minus
1370 860 1485 893 solum,
1507 867 1591 894 quam
1609 866 1678 887 cum

169 914 250 942 solus
282 919 377 948 esset,
407 912 521 947 sibique
545 919 608 939 eum
638 909 804 947 anteponit,
834 911 913 945 quod
941 910 1034 939 otium
1061 911 1122 938 sola
1153 911 1255 939 meniis
1288 912 1442 947 agitatione
1470 909 1678 944 consumserit,

169 972 236 993 cum
261 963 401 1000 ipsenori
423 970 532 991 tantum
558 962 670 991 roboris
696 960 816 996 habeat,
839 968 873 989 ut
896 961 1070 998 cogitatione
1091 961 1177 991 tacita
1200 970 1214 990 e
1235 961 1391 991 solitudine
1412 961 1607 995 abstrahatur,
1629 960 1681 989 sed

169 1014 271 1052 potius
289 1015 325 1043 ad
347 1014 490 1043 scribendi
512 1021 626 1050 operam
654 1011 781 1041 studium
806 1009 894 1040 s'uum
917 1012 948 1040 in
975 1013 1036 1041 otio
1067 1020 1214 1042 convertat
1240 1014 1278 1050 (1
1291 1020 1325 1049 );
1355 1012 1463 1041 accedit
1491 1012 1525 1040 ad
1548 1011 1692 1049 ultimam*

171 1066 260 1103 huJ'us
283 1065 378 1102 operis
401 1065 597 1101 quaestionem
608 1076 628 1100 ,“
640 1065 676 1093 de
691 1062 904 1099 comparatione
919 1062 984 1093 scil.
1010 1064 1169 1093 honestatis
1187 1071 1214 1093 et
1235 1063 1387 1098 utilitatis,
1408 1072 1422 1091 a
1441 1062 1582 1091 Panaetio
1600 1070 1681 1098 prae-

171 1118 331 1147 termissam
356 1118 429 1153 (2).
472 1116 579 1145 Totius
598 1116 688 1152 igitur
709 1115 795 1152 huj-us
820 1113 884 1142 libri
900 1122 1096 1150 argumentum
1113 1136 1124 1151 ,
1150 1122 1182 1144 ut
1205 1117 1306 1152 paucis
1331 1116 1522 1150 complectar,
1546 1115 1600 1142 hoe
1625 1119 1682 1142 est.

169 1169 263 1198 Nulla
284 1169 366 1197 datur
394 1176 458 1196 vera
484 1168 600 1196 collisio
629 1167 702 1195 inter
732 1165 833 1194 OfiicIa
867 1165 1025 1194 honestatis
1052 1173 1081 1194 et
1111 1166 1269 1196 utilitatis:
1301 1166 1368 1202 quia
1388 1165 1488 1195 officiis
1519 1164 1682 1193 satisfacere

170 1220 266 1249 virtus
287 1225 331 1248 est
350 1235 389 1241 -
409 1225 437 1247 et
457 1219 548 1247 virtus
571 1226 714 1246 summum
741 1217 859 1245 bonum.
901 1216 1061 1263 Ambiguae
1091 1223 1183 1246 tamen
1214 1227 1312 1246 eorum
1342 1219 1455 1256 dantur
1471 1216 1683 1250 connexione33

174 1271 243 1306 quia
264 1270 388 1298 officium
412 1277 495 1304 saepe
520 1277 553 1297 ex
573 1276 703 1303 externa,
724 1276 818 1306 quam
831 1267 957 1302 profert,
980 1265 1102 1316 utilitate
1119 1276 1162 1297 est
1181 1258 1404 1306 cognoscenda3'
1421 1274 1448 1296 et
1472 1266 1582 1296 utilitas
1604 1272 1687 1302 saepe

172 1329 229 1350 rei
237 1320 359 1357 alicujus
380 1326 430 1347 aut
450 1320 572 1348 actionis
593 1312 714 1348 tantum
726 1327 761 1346 ex
779 1318 896 1346 virtutis
919 1319 1082 1354 praeceptis
1102 1326 1145 1347 est
1166 1320 1359 1356 dijudicanda.
1399 1320 1476 1347 Cum
1495 1317 1604 1352 aliquid
1628 1324 1689 1344 uno

175 1372 275 1401 eodem
302 1370 439 1407 temporis
462 1376 573 1406 puncto
593 1369 663 1397 utile
680 1375 708 1396 et
729 1376 794 1396 cum
816 1367 918 1396 officiis
943 1376 1075 1404 pugnans
1098 1369 1247 1404 videatur,
1269 1375 1338 1396 tunc
1363 1376 1440 1395 error
1461 1374 1505 1395 est
1527 1368 1557 1395 in
1580 1366 1689 1394 utravis

174 1429 272 1459 parte3
295 1428 343 1450 aut
368 1421 423 1449 sibi
443 1420 543 1449 falsam
569 1419 692 1455 imponit
717 1418 944 1454 obligationem,
966 1425 1022 1445 ,aut
1047 1417 1118 1446 falsa
1146 1419 1256 1447 luditur
1283 1418 1400 1447 honesti·
1429 1418 1534 1453 specie.
1575 1419 1608 1446 In
1629 1425 1690 1445 om-

177 1473 264 1502 nibus
286 1481 378 1501 autem
409 1470 611 1500 collisionibus
637 1469 733 1506 quaeri
757 1475 874 1504 potest:
904 1468 933 1496 in
956 1477 1075 1504 quanam
1099 1477 1178 1505 parte
1206 1470 1244 1498 sit
1262 1478 1364 1505 error,
1392 1474 1441 1497 :rut
1467 1468 1610 1504 officium,
1638 1475 1686 1496 aut

178 1523 287 1552 utilitas
310 1523 375 1551 ficta
396 1522 433 1550 sit
459 1523 531 1559 (3).

218 1573 297 1602 Haec
323 1573 436 1609 singula
460 1572 620 1601 accuratius
650 1570 810 1600 videamus!
851 1569 975 1598 Primum
998 1571 1124 1599 ostendit
1154 1571 1272 1608 Cicero,
1302 1581 1353 1601 nee
1377 1572 1423 1606 id,
1453 1572 1532 1607 quod
1555 1578 1618 1598 vere
1640 1569 1690 1597 ho·

176 1631 286 1654 nestum
312 1631 374 1659 est,
402 1632 468 1652 cum
497 1623 630 1652 utilitatis
652 1631 748 1659 pugna
776 1621 933 1657 comparari
955 1630 1059 1657 posse;
1091 1630 1142 1650 uec
1167 1623 1212 1658 id,
1240 1623 1318 1659 quozl
1339 1623 1528 1651 communiter
1550 1627 1689 1649 vocamus

182 1677 349 1711 honestum,
381 1683 447 1704 cum
471 1674 672 1704 emolumentis
694 1680 821 1709 unquam
845 1680 908 1700 esse
925 1673 1146 1708 comparandum
1163 1674 1248 1711 (4');
1271 1675 1332 1703 sive
1348 1675 1514 1709 honestum,
1535 1680 1600 1701 cum
1619 1671 1694 1699 Stoi-

1636 1729 1693 1757 ets,

209 1816 260 1844 (ι)
277 1815 318 1842 off.
333 1815 380 1842 m,
397 1820 406 1838 1
424 1821 460 1844 aq.

211 1856 260 1883 (2)
276 1858 340 1879 Dicta
352 1856 406 1879 vide
417 1857 484 1883 hujus
498 1856 556 1884 disp.
573 1863 594 1878 c.
608 1862 636 1883 a,
651 1854 712 1879 eirca
727 1854 803 1877 finem·

213 1899 259 1925 (3)
276 1898 312 1920 Cf.
329 1900 413 1925 came,
428 1899 493 1919 Am.
517 1898 544 1919 T.
558 1898 598 1920 111.
623 1904 646 1924 p.
661 1902 682 1922 5.

212 1938 259 1966 (⁴)
282 1938 323 1965 Off:
341 1938 386 1966 111,
402 1945 423 1965 3.
452 1940 555 1966 Garvlm,
575 1939 638 1960 Anu.
662 1938 690 1959 T.
703 1943 730 1965 4.
748 1943 772 1965 p.
787 1936 813 1959 ιδ
829 1937 881 1963 sqqo'
911 1934 949 1964 qui
971 1939 1035 1959 recte
1058 1936 1180 1964 observat,
1200 1938 1250 1959 natta
1269 1941 1350 1966 corpus
1374 1939 1494 1964 opecme,
1517 1933 1619 1954 lmwtu-
1641 1936 1696 1954 ver·

184 1978 287 2003 ulmum.
