1913 2427
668 169 1083 205 ORATtos
1563 185 1600 213 u

117 262 303 300 dulcedine,
333 267 366 293 et
395 260 528 293 umbrae
574 262 728 295 suavitate
760 263 982 296 desiderabiles
999 289 1008 303 ,
1035 264 1196 303 flumina,
1220 267 1317 310 aquis
1345 266 1593 312 limpidissimis,

116 322 198 354 viiio
219 321 331 356 eiiam,
356 319 448 350 melle
472 318 604 362 etvlacte
622 321 799 359 currentia,
823 321 945 363 puellae
964 322 1103 365 denique
1125 322 1247 362 forma,
1278 332 1397 362 aetate,
1423 327 1594 368 modestia,

118 376 319 421 spectabiles,
347 376 460 412 verbo,
490 387 700 419 quaecunque
726 375 856 408 fervidis
888 385 919 408 et
950 378 1091 410 delicatis
1114 373 1238 422 placent
1264 382 1475 414 Orientalium
1504 385 1593 426 iuge·

113 435 195 474 niis,
218 432 354 465 paradisi
381 432 504 474 gaudiis
532 440 792 465 annumerantur.
846 435 901 464 Hie
925 434 1034 466 nullus
1057 435 1146 467 labor
1177 437 1320 475 obtinet,
1346 440 1434 470 nulla
1459 440 1589 472 calami-

117 498 184 528 tas,
207 491 307 522 nulla:
329 488 519 531 defatigatio.
565 490 622 520 Hic
657 497 783 525 aeterna
806 490 956 531 juventus
987 498 1018 522 et
1049 491 1222 525 indefessae
1255 496 1337 527 vires
1371 495 1521 528 fidelibus
1541 509 1591 529 re.

114 554 291 580 servantur.
338 548 455 577 Verum
476 546 641 581 enimvero
672 546 746 577 licet
766 547 918 577 omnibus
936 547 1097 578 Moslemis
1125 549 1308 582 coelestium
1338 552 1505 584 hortorum
1534 564 1590 596 pa·

113 610 177 636 teat
199 603 320 638 aditus,
343 613 454 633 eorum
482 608 587 633 tamen
613 613 686 645 prae
703 605 832 634 caeteris
859 603 1036 635 beatissima
1065 616 1132 636 sors
1156 606 1300 638 habenda
1320 615 1385 646 est,
1410 609 1487 652 qui,
1511 621 1591 641 con-

111 668 210 694 temta
237 661 300 691 vita
326 658 410 689 fluxa
438 665 472 690 et
494 660 650 697 terrestri,
677 670 882 702 ·se¹stlasque
913 659 1074 693 facultates
1102 662 1222 694 divinis
1257 663 1419 706 religionis
1447 667 1589 709 imperiis

110 724 145 750 et
170 716 255 748 bello
280 726 371 747 sacro
395 715 611 746 devoverunt:
633 715 709 755 hos,
731 716 759 747 si
783 717 816 747 in
845 727 918 748 vera
943 716 1007 748 fide
1032 718 1150 749 tuenda
1168 719 1377 752 occubuerint
1392 744 1401 760 ,
1434 733 1474 753 ne
1502 733 1587 754 mor-

111 780 187 806 tuos
224 772 355 816 quidem
385 773 559 803 existimari
588 784 645 815 par
679 780 756 810 est,
788 772 842 803 sed
878 774 990 805 vivos:
1025 776 1145 818 quippe
1178 777 1236 819 qui
1275 778 1425 809 Numinis
1464 779 1587 822 Optimi

111 830 249 863 Maximi
274 836 447 872 conspectu
478 837 510 860 et
535 830 751 872 copiosissima
785 840 891 861 rerum
921 831 1116 873 ‹ptimarum
1153 831 1314 864 affluentia
1347 833 1511 866 fruantur!
1557 838 1586 865 0

110 897 264 929 magnum
289 886 425 916 bellandi
451 886 634 924 stimulum,
664 896 740 917 cum
765 886 798 916 in
829 886 896 928 ipsa
918 897 994 919 nece
1031 899 1114 919 nova
1139 889 1268 921 vivendi
1297 901 1369 938 spes
1394 892 1584 924 mortalibus

105 941 249 985 affulget!
283 944 312 973 Ο
325 943 479 973 eximium
498 943 624 974 virtutis
644 944 885 974 incitamentum
898 966 907 980 ‚
929 955 995 986 quo
1011 942 1176 976 fortissimi
1198 946 1355 990 cujusque
1371 950 1586 981 remuneratio

108 1009 186 1031 eum
203 1000 270 1042 ipsa
285 1000 468 1030 aeternitate
484 999 709 1042 conjungitur!
740 1001 822 1031 Hinc
841 1000 978 1031 paradisi
997 999 1177 1032 felicitatem
1198 1003 1232 1033 in
1252 1005 1378 1035 Corano
1395 1005 1509 1035 iterum
1526 1005 1584 1037 ite·

106 1066 246 1098 rumque
270 1055 384 1086 vividis
398 1055 563 1087 coloribus
580 1056 769 1088 delineatam
789 1057 958 1088 cernimus.
984 1057 1067 1088 Hinc
1084 1056 1223 1089 futuram
1245 1059 1332 1090 illam
1349 1060 1582 1105 coelestemque

103 1111 283 1145 beatitatem
316 1123 371 1154 per
399 1113 585 1143 universum
607 1114 692 1143 vitae>
714 1124 844 1144 cursum
877 1119 1042 1156 tantopere
1068 1114 1304 1146 commendavit
1327 1116 1581 1159 Mohammedes,

106 1176 143 1201 ut
169 1170 202 1201 in
227 1168 277 1200 his
301 1167 522 1199 firmissimum
547 1168 792 1200 fundamentum
825 1180 932 1200 rernm
962 1180 1093 1201 suarum
1120 1177 1152 1202 et
1177 1171 1326 1203 columen
1352 1184 1427 1204 eum
1451 1175 1577 1216 posuis-

107 1235 142 1256 se
160 1231 307 1267 appareat
363 1225 535 1255 Memoriae
560 1225 725 1267 proditum
753 1231 816 1259 est.
843 1224 1078 1259 Medinensium
1105 1226 1242 1269 legatos,
1266 1239 1340 1259 cum
1365 1231 1503 1262 Meccam
1529 1242 1579 1264 ve.

105 1283 245 1318 nisseiit,
270 1287 306 1312 ut
326 1281 559 1312 Muhammedi.
587 1280 755 1312 tribulium
791 1280 875 1311 odiis
893 1282 1070 1324 exagitato,
1103 1294 1177 1314 suae
1204 1285 1341 1316 civitatis
1369 1288 1501 1319 nomine
1524 1288 1578 1321 ob.

101 1339 250 1382 sequium
279 1337 499 1380 auxiliumque
525 1336 677 1368 offerrent
692 1361 702 1376 ‚
733 1336 922 1381 prophetam
952 1339 1162 1382 interrogasse
1180 1363 1191 1378 ‚
1221 1351 1303 1384 quae
1328 1342 1454 1374 tandem
1480 1355 1573 1387 spes,

99 1404 184 1438 quae
211 1393 319 1425 solatia
348 1394 409 1424 sibi
434 1393 541 1424 relicta
571 1392 694 1431 forent,
716 1394 742 1425 si
765 1405 825 1437 pro
849 1405 959 1426 caussa
982 1396 1040 1426 Dei
1058 1403 1238 1439 pugnantes
1261 1398 1358 1429 vitain
1382 1400 1574 1435 amitterent.

102 1452 149 1483 At
175 1449 249 1487 ille,
274 1449 489 1489 Paradisum,
515 1451 637 1493 inquit,
662 1451 755 1483 vohis
773 1450 953 1494 polliceor!
992 1454 1097 1493 Quam
1122 1454 1384 1497 promissionem,
1407 1456 1442 1487 in
1472 1457 1573 1490 foede·

102 1507 148 1538 ris
167 1507 355 1538 solennitate
375 1507 503 1545 faciam,
529 1509 650 1552 aliquot
669 1510 763 1540 annis
783 1517 875 1553 post,
889 1509 1005 1540 illustri
1023 1516 1054 1541 et:
1076 1517 1262 1553 opportuno
1282 1512 1430 1556 exemplo
1449 1515 1481 1545 in
1499 1515 1571 1557 ipso

103 1562 179 1596 belli
204 1563 343 1594 tumultu
367 1565 584 1596 confiimavit:
607 1576 682 1596 cum
711 1568 828 1604 Hamza
860 1573 1009 1609 patruus,
1041 1568 1266 1598 Meccanorum
1282 1569 1396 1608 armis,
1418 1569 1572 1603 Ohoden·

101 1622 128 1653 si
154 1620 243 1652 clade
262 1621 436 1653 cecidisset.
482 1623 701 1654 Fortissimum
723 1623 855 1655 militem
873 1646 882 1661 ‚
903 1622 1046 1666 indignis
1070 1623 1176 1655 modis
1205 1623 1246 1655 ab
1278 1624 1370 1657 hoste
1399 1634 1571 1668 vexatum;

100 1677 185 1709 inter
217 1688 380 1708 caesorum
409 1677 559 1710 cadavera
591 1681 703 1723 quaeri
733 1679 849 1722 jubet3
890 1681 1059 1712 inventum
1088 1680 1186 1724 pallio
1217 1682 1310 1724 nigro
1344 1681 1507 1720 obvolvit,
1535 1691 1568 1717 et

100 1744 232 1778 precum
260 1745 390 1765 suarum
413 1735 499 1778 apud
523 1738 625 1768 Deum
657 1738 881 1768 intercessione
909 1737 1108 1770 condecorat.
1160 1739 1243 1769 Tum
1269 1738 1309 1769 ad
1335 1749 1411 1771 suos
1434 1750 1568 1773 conver·

99 1800 170 1825 sus.
193 1790 296 1831 Quid,
319 1792 424 1834 iuquit
438 1817 447 1827 ‚
467 1793 632 1824 Hamzam
656 1795 793 1836 lugetis?
825 1794 955 1826 Gabriel
975 1797 1056 1837 ipse,
1090 1795 1225 1827 Gabriel
1253 1794 1388 1827 divinae
1419 1796 1568 1829 volunta·

97 1850 134 1879 el.»
167 1848 317 1890 interpres
349 1847 431 1880 mike·
463 1853 613 1892 appatuit
631 1874 640 1888 ,
674 1854 826 1883 nuncians
859 1853 1021 1895 egregium
1050 1863 1148 1884 verae
1170 1851 1259 1896 fidei
1285 1862 1565 1897 propugnatorem

99 1904 250 1937 Pmadicz·
281 1905 398 1937 civibus
428 1907 621 1951 adscriptum
656 1919 738 1947 esse,
769 1916 802 1941 et
833 1909 976 1941 Leonem
1011 1910 1072 1941 Det·
1107 1916 1140 1941 et
1164 1910 1346 1954 Prophetae
1374 1911 1418 1942 ab
1454 1912 1564 1944 incolis

97 1960 261 1994 «ochram
289 1962 468 2006 appellari!
511 1967 587 2006 Quo
610 1973 794 1999 commento
823 1965 940 1999 fractos
965 1967 1201 2002 Muslemorum
1235 1970 1362 2004 animos
1392 1976 1426 2003 et
1448 1969 1563 2002 debili-

834 2025 860 2056 B
881 2035 901 2057 2
1514 2032 1562 2058 ta-
