<?xml version="1.0" encoding="UTF-8"?>
<!DOCTYPE html PUBLIC "-//W3C//DTD XHTML 1.0 Transitional//EN"
    "http://www.w3.org/TR/xhtml1/DTD/xhtml1-transitional.dtd">
<html xmlns="http://www.w3.org/1999/xhtml" xml:lang="en" lang="en">
 <head>
  <title>
</title>
<meta http-equiv="Content-Type" content="text/html;charset=utf-8" />
  <meta name='ocr-system' content='tesseract 3.04.00' />
  <meta name='ocr-capabilities' content='ocr_page ocr_carea ocr_par ocr_line ocrx_word'/>
</head>
<body>
  <div class='ocr_page' id='page_1' title='image "annalesacademiae17rijk_0653.png"; bbox 0 0 1913 2427; ppageno 0'>
   <div class='ocr_carea' id='block_1_1' title="bbox 486 166 1692 215">
    <p class='ocr_par' dir='ltr' id='par_1_1' title="bbox 486 166 1692 215">
     <span class='ocr_line' id='line_1_1' title="bbox 486 166 1692 215; baseline -0.001 -15"><span class='ocrx_word' id='word_1_1' title='bbox 486 166 966 200; x_wconf 87' lang='lat' dir='ltr'>DISSERTATIO</span> <span class='ocrx_word' id='word_1_2' title='bbox 1030 166 1384 201; x_wconf 84' lang='lat' dir='ltr'>JUBIDICA.</span> <span class='ocrx_word' id='word_1_3' title='bbox 1649 171 1692 215; x_wconf 70' lang='lat'>47</span> 
     </span>
    </p>
   </div>
   <div class='ocr_carea' id='block_1_2' title="bbox 148 245 1688 1572">
    <p class='ocr_par' dir='ltr' id='par_1_2' title="bbox 148 245 1688 296">
     <span class='ocr_line' id='line_1_2' title="bbox 148 245 1688 296; baseline 0 -8"><span class='ocrx_word' id='word_1_4' title='bbox 148 245 153 250; x_wconf 38' lang='lat'><em>⁵</em></span> <span class='ocrx_word' id='word_1_5' title='bbox 173 267 233 296; x_wconf 85' lang='lat' dir='ltr'>quo</span> <span class='ocrx_word' id='word_1_6' title='bbox 257 257 411 293; x_wconf 82' lang='lat' dir='ltr'>efficiatur,</span> <span class='ocrx_word' id='word_1_7' title='bbox 434 256 562 285; x_wconf 85' lang='lat' dir='ltr'>omnium</span> <span class='ocrx_word' id='word_1_8' title='bbox 586 255 738 285; x_wconf 84' lang='lat' dir='ltr'><strong>utilitatem</strong></span> <span class='ocrx_word' id='word_1_9' title='bbox 755 262 818 284; x_wconf 82' lang='lat' dir='ltr'>esse</span> <span class='ocrx_word' id='word_1_10' title='bbox 840 262 1042 291; x_wconf 80' lang='lat' dir='ltr'>communem,</span> <span class='ocrx_word' id='word_1_11' title='bbox 1063 255 1130 292; x_wconf 90' lang='lat' dir='ltr'>quia</span> <span class='ocrx_word' id='word_1_12' title='bbox 1153 254 1459 291; x_wconf 65' lang='lat' dir='ltr'>naturalpraescribit‚</span> <span class='ocrx_word' id='word_1_13' title='bbox 1483 257 1614 287; x_wconf 76' lang='lat' dir='ltr'>uthonio</span> <span class='ocrx_word' id='word_1_14' title='bbox 1634 259 1688 288; x_wconf 89' lang='lat' dir='ltr'>ho·</span> 
     </span>
    </p>

    <p class='ocr_par' dir='ltr' id='par_1_3' title="bbox 163 306 1684 856">
     <span class='ocr_line' id='line_1_3' title="bbox 168 306 1682 344; baseline 0 -5"><span class='ocrx_word' id='word_1_15' title='bbox 168 310 239 340; x_wconf 88' lang='lat' dir='ltr'>mini</span> <span class='ocrx_word' id='word_1_16' title='bbox 265 309 433 338; x_wconf 88' lang='lat' dir='ltr'>consultum</span> <span class='ocrx_word' id='word_1_17' title='bbox 456 307 536 337; x_wconf 86' lang='lat' dir='ltr'>velit.</span> <span class='ocrx_word' id='word_1_18' title='bbox 583 307 668 336; x_wconf 86' lang='lat' dir='ltr'>Unde</span> <span class='ocrx_word' id='word_1_19' title='bbox 698 306 849 342; x_wconf 69' lang='lat' dir='ltr'>sequitur,</span> <span class='ocrx_word' id='word_1_20' title='bbox 878 315 937 335; x_wconf 87' lang='lat' dir='ltr'>non</span> <span class='ocrx_word' id='word_1_21' title='bbox 962 307 1050 344; x_wconf 83' lang='lat' dir='ltr'>magis</span> <span class='ocrx_word' id='word_1_22' title='bbox 1082 307 1198 336; x_wconf 84' lang='lat' dir='ltr'>civibus</span> <span class='ocrx_word' id='word_1_23' title='bbox 1224 314 1272 336; x_wconf 86' lang='lat' dir='ltr'>aut</span> <span class='ocrx_word' id='word_1_24' title='bbox 1296 307 1419 336; x_wconf 81' lang='lat' dir='ltr'>externis</span> <span class='ocrx_word' id='word_1_25' title='bbox 1443 307 1552 343; x_wconf 84' lang='lat' dir='ltr'>aliquid</span> <span class='ocrx_word' id='word_1_26' title='bbox 1574 310 1682 339; x_wconf 85' lang='lat' dir='ltr'>detrahi</span> 
     </span>
     <span class='ocr_line' id='line_1_4' title="bbox 168 358 1684 398; baseline 0.001 -9"><span class='ocrx_word' id='word_1_27' title='bbox 168 369 279 398; x_wconf 76' lang='lat' dir='ltr'>posse,</span> <span class='ocrx_word' id='word_1_28' title='bbox 305 367 388 396; x_wconf 85' lang='lat' dir='ltr'>quam</span> <span class='ocrx_word' id='word_1_29' title='bbox 412 359 507 396; x_wconf 78' lang='lat' dir='ltr'>patri,</span> <span class='ocrx_word' id='word_1_30' title='bbox 538 365 586 387; x_wconf 85' lang='lat' dir='ltr'>aut</span> <span class='ocrx_word' id='word_1_31' title='bbox 610 358 710 394; x_wconf 68' lang='lat' dir='ltr'>iram,</span> <span class='ocrx_word' id='word_1_32' title='bbox 740 364 773 386; x_wconf 88' lang='lat' dir='ltr'>ut</span> <span class='ocrx_word' id='word_1_33' title='bbox 801 358 916 394; x_wconf 84' lang='lat' dir='ltr'>quidam</span> <span class='ocrx_word' id='word_1_34' title='bbox 945 367 1076 394; x_wconf 87' lang='lat' dir='ltr'>perverse</span> <span class='ocrx_word' id='word_1_35' title='bbox 1106 364 1220 395; x_wconf 86' lang='lat' dir='ltr'>putant.</span> <span class='ocrx_word' id='word_1_36' title='bbox 1261 358 1323 386; x_wconf 88' lang='lat' dir='ltr'>Hac</span> <span class='ocrx_word' id='word_1_37' title='bbox 1347 359 1377 388; x_wconf 90' lang='lat' dir='ltr'>in</span> <span class='ocrx_word' id='word_1_38' title='bbox 1408 367 1436 387; x_wconf 90' lang='lat' dir='ltr'>re</span> <span class='ocrx_word' id='word_1_39' title='bbox 1465 361 1613 394; x_wconf 85' lang='lat' dir='ltr'>sequentia</span> <span class='ocrx_word' id='word_1_40' title='bbox 1635 362 1684 390; x_wconf 79' lang='lat' dir='ltr'>(lat</span> 
     </span>
     <span class='ocr_line' id='line_1_5' title="bbox 169 409 1683 447; baseline -0.001 -7"><span class='ocrx_word' id='word_1_41' title='bbox 169 412 282 441; x_wconf 87' lang='lat' dir='ltr'>criteria</span> <span class='ocrx_word' id='word_1_42' title='bbox 332 411 362 439; x_wconf 87' lang='lat' dir='ltr'>Si</span> <span class='ocrx_word' id='word_1_43' title='bbox 389 410 455 445; x_wconf 88' lang='lat' dir='ltr'>quis</span> <span class='ocrx_word' id='word_1_44' title='bbox 481 409 515 438; x_wconf 84' lang='lat' dir='ltr'>ab</span> <span class='ocrx_word' id='word_1_45' title='bbox 541 409 658 438; x_wconf 88' lang='lat' dir='ltr'>homine</span> <span class='ocrx_word' id='word_1_46' title='bbox 685 409 800 445; x_wconf 78' lang='lat' dir='ltr'>inutili,</span> <span class='ocrx_word' id='word_1_47' title='bbox 826 418 895 438; x_wconf 69' lang='lat' dir='ltr'>setae</span> <span class='ocrx_word' id='word_1_48' title='bbox 921 410 1055 439; x_wconf 83' lang='lat' dir='ltr'>utilitatis</span> <span class='ocrx_word' id='word_1_49' title='bbox 1081 418 1202 445; x_wconf 81' lang='lat' dir='ltr'>caussa‚</span> <span class='ocrx_word' id='word_1_50' title='bbox 1232 410 1342 446; x_wconf 86' lang='lat' dir='ltr'>aliquid</span> <span class='ocrx_word' id='word_1_51' title='bbox 1366 411 1516 440; x_wconf 77' lang='lat' dir='ltr'>detraxerit</span> <span class='ocrx_word' id='word_1_52' title='bbox 1547 411 1683 447; x_wconf 76' lang='lat' dir='ltr'>sapiens,</span> 
     </span>
     <span class='ocr_line' id='line_1_6' title="bbox 167 460 1683 497; baseline 0 -6"><span class='ocrx_word' id='word_1_53' title='bbox 167 463 320 492; x_wconf 79' lang='lat' dir='ltr'>inhumane</span> <span class='ocrx_word' id='word_1_54' title='bbox 342 462 452 490; x_wconf 83' lang='lat' dir='ltr'>fecerit.</span> <span class='ocrx_word' id='word_1_55' title='bbox 494 461 524 489; x_wconf 92' lang='lat' dir='ltr'>Si</span> <span class='ocrx_word' id='word_1_56' title='bbox 541 461 622 490; x_wconf 86' lang='lat' dir='ltr'>illius</span> <span class='ocrx_word' id='word_1_57' title='bbox 639 462 698 490; x_wconf 91' lang='lat' dir='ltr'>vita</span> <span class='ocrx_word' id='word_1_58' title='bbox 722 461 794 497; x_wconf 85' lang='lat' dir='ltr'>reip.</span> <span class='ocrx_word' id='word_1_59' title='bbox 817 461 855 489; x_wconf 90' lang='lat' dir='ltr'>sit</span> <span class='ocrx_word' id='word_1_60' title='bbox 872 461 974 497; x_wconf 81' lang='lat' dir='ltr'>utilis,</span> <span class='ocrx_word' id='word_1_61' title='bbox 996 468 1022 489; x_wconf 88' lang='lat' dir='ltr'>et</span> <span class='ocrx_word' id='word_1_62' title='bbox 1038 463 1064 490; x_wconf 89' lang='lat' dir='ltr'>si</span> <span class='ocrx_word' id='word_1_63' title='bbox 1084 461 1154 497; x_wconf 86' lang='lat' dir='ltr'>quid</span> <span class='ocrx_word' id='word_1_64' title='bbox 1176 460 1282 489; x_wconf 80' lang='lat' dir='ltr'>idcirco</span> <span class='ocrx_word' id='word_1_65' title='bbox 1300 461 1347 489; x_wconf 87' lang='lat' dir='ltr'>alii</span> <span class='ocrx_word' id='word_1_66' title='bbox 1368 461 1539 497; x_wconf 82' lang='lat' dir='ltr'>abstulerit,</span> <span class='ocrx_word' id='word_1_67' title='bbox 1560 470 1619 491; x_wconf 87' lang='lat' dir='ltr'>non</span> <span class='ocrx_word' id='word_1_68' title='bbox 1638 468 1683 491; x_wconf 84' lang='lat' dir='ltr'>cst</span> 
     </span>
     <span class='ocr_line' id='line_1_7' title="bbox 167 512 1684 549; baseline 0 -7"><span class='ocrx_word' id='word_1_69' title='bbox 167 514 205 543; x_wconf 91' lang='lat' dir='ltr'>ob</span> <span class='ocrx_word' id='word_1_70' title='bbox 235 514 265 542; x_wconf 88' lang='lat' dir='ltr'>id</span> <span class='ocrx_word' id='word_1_71' title='bbox 294 512 565 549; x_wconf 76' lang='lat' dir='ltr'>reprehendendus3</span> <span class='ocrx_word' id='word_1_72' title='bbox 597 512 758 541; x_wconf 87' lang='lat' dir='ltr'>communis</span> <span class='ocrx_word' id='word_1_73' title='bbox 781 513 854 541; x_wconf 86' lang='lat' dir='ltr'>enim</span> <span class='ocrx_word' id='word_1_74' title='bbox 880 513 1015 541; x_wconf 76' lang='lat' dir='ltr'>utilitatis</span> <span class='ocrx_word' id='word_1_75' title='bbox 1047 512 1191 541; x_wconf 82' lang='lat' dir='ltr'>derelictio</span> <span class='ocrx_word' id='word_1_76' title='bbox 1224 521 1323 541; x_wconf 84' lang='lat' dir='ltr'>contra</span> <span class='ocrx_word' id='word_1_77' title='bbox 1352 519 1479 541; x_wconf 76' lang='lat' dir='ltr'>naturam</span> <span class='ocrx_word' id='word_1_78' title='bbox 1506 519 1549 541; x_wconf 89' lang='lat' dir='ltr'>est</span> <span class='ocrx_word' id='word_1_79' title='bbox 1577 519 1605 541; x_wconf 87' lang='lat' dir='ltr'>et</span> <span class='ocrx_word' id='word_1_80' title='bbox 1639 512 1684 542; x_wconf 56' lang='lat' dir='ltr'>in)-</span> 
     </span>
     <span class='ocr_line' id='line_1_8' title="bbox 163 563 1678 602; baseline -0.001 -8"><span class='ocrx_word' id='word_1_81' title='bbox 163 565 263 602; x_wconf 79' lang='lat' dir='ltr'>justa,</span> <span class='ocrx_word' id='word_1_82' title='bbox 283 570 310 592; x_wconf 87' lang='lat' dir='ltr'>et</span> <span class='ocrx_word' id='word_1_83' title='bbox 327 564 373 592; x_wconf 86' lang='lat' dir='ltr'>lex</span> <span class='ocrx_word' id='word_1_84' title='bbox 394 563 456 600; x_wconf 89' lang='lat' dir='ltr'>ipsa</span> <span class='ocrx_word' id='word_1_85' title='bbox 478 571 613 599; x_wconf 88' lang='lat' dir='ltr'>naturae,</span> <span class='ocrx_word' id='word_1_86' title='bbox 635 572 708 599; x_wconf 83' lang='lat' dir='ltr'>quae</span> <span class='ocrx_word' id='word_1_87' title='bbox 730 563 879 592; x_wconf 85' lang='lat' dir='ltr'>utilitatem</span> <span class='ocrx_word' id='word_1_88' title='bbox 904 565 1054 593; x_wconf 88' lang='lat' dir='ltr'>hominum</span> <span class='ocrx_word' id='word_1_89' title='bbox 1077 572 1228 593; x_wconf 77' lang='lat' dir='ltr'>conservat</span> <span class='ocrx_word' id='word_1_90' title='bbox 1247 570 1274 592; x_wconf 89' lang='lat' dir='ltr'>et</span> <span class='ocrx_word' id='word_1_91' title='bbox 1293 564 1440 599; x_wconf 82' lang='lat' dir='ltr'>continet,</span> <span class='ocrx_word' id='word_1_92' title='bbox 1463 564 1589 592; x_wconf 83' lang='lat' dir='ltr'>decernit</span> <span class='ocrx_word' id='word_1_93' title='bbox 1610 572 1678 600; x_wconf 86' lang='lat' dir='ltr'>pro-</span> 
     </span>
     <span class='ocr_line' id='line_1_9' title="bbox 168 614 1682 653; baseline 0 -9"><span class='ocrx_word' id='word_1_94' title='bbox 168 615 268 651; x_wconf 84' lang='lat' dir='ltr'>fecto,</span> <span class='ocrx_word' id='word_1_95' title='bbox 290 622 321 643; x_wconf 94' lang='lat' dir='ltr'>ut</span> <span class='ocrx_word' id='word_1_96' title='bbox 342 615 376 644; x_wconf 91' lang='lat' dir='ltr'>ab</span> <span class='ocrx_word' id='word_1_97' title='bbox 399 615 515 643; x_wconf 87' lang='lat' dir='ltr'>homine</span> <span class='ocrx_word' id='word_1_98' title='bbox 533 615 621 644; x_wconf 88' lang='lat' dir='ltr'>inerte</span> <span class='ocrx_word' id='word_1_99' title='bbox 633 622 729 653; x_wconf 17' lang='lat' dir='ltr'>⁴*atque</span> <span class='ocrx_word' id='word_1_100' title='bbox 749 615 845 644; x_wconf 88' lang='lat' dir='ltr'>inutili</span> <span class='ocrx_word' id='word_1_101' title='bbox 866 616 900 644; x_wconf 83' lang='lat' dir='ltr'>ad</span> <span class='ocrx_word' id='word_1_102' title='bbox 919 615 1097 651; x_wconf 80' lang='lat' dir='ltr'>sapientem,</span> <span class='ocrx_word' id='word_1_103' title='bbox 1117 615 1246 650; x_wconf 81' lang='lat' dir='ltr'>bonum,</span> <span class='ocrx_word' id='word_1_104' title='bbox 1269 614 1430 650; x_wconf 86' lang='lat' dir='ltr'>fortemque</span> <span class='ocrx_word' id='word_1_105' title='bbox 1446 615 1539 643; x_wconf 87' lang='lat' dir='ltr'>virum</span> <span class='ocrx_word' id='word_1_106' title='bbox 1559 615 1682 644; x_wconf 81' lang='lat' dir='ltr'>transfe-</span> 
     </span>
     <span class='ocr_line' id='line_1_10' title="bbox 168 665 1679 701; baseline -0.001 -6"><span class='ocrx_word' id='word_1_107' title='bbox 168 670 267 695; x_wconf 72' lang='lat' dir='ltr'>rantur</span> <span class='ocrx_word' id='word_1_108' title='bbox 285 675 329 695; x_wconf 88' lang='lat' dir='ltr'>res</span> <span class='ocrx_word' id='word_1_109' title='bbox 352 667 386 694; x_wconf 90' lang='lat' dir='ltr'>ad</span> <span class='ocrx_word' id='word_1_110' title='bbox 404 667 490 695; x_wconf 81' lang='lat' dir='ltr'>vitam</span> <span class='ocrx_word' id='word_1_111' title='bbox 516 666 706 694; x_wconf 79' lang='lat' dir='ltr'>necessariae:</span> <span class='ocrx_word' id='word_1_112' title='bbox 735 665 784 701; x_wconf 86' lang='lat' dir='ltr'>qui</span> <span class='ocrx_word' id='word_1_113' title='bbox 808 672 900 694; x_wconf 87' lang='lat' dir='ltr'>autem</span> <span class='ocrx_word' id='word_1_114' title='bbox 931 665 955 693; x_wconf 86' lang='lat' dir='ltr'>si</span> <span class='ocrx_word' id='word_1_115' title='bbox 976 665 1134 699; x_wconf 82' lang='lat' dir='ltr'>occiderit,</span> <span class='ocrx_word' id='word_1_116' title='bbox 1164 666 1286 692; x_wconf 88' lang='lat' dir='ltr'>multum</span> <span class='ocrx_word' id='word_1_117' title='bbox 1313 665 1347 692; x_wconf 91' lang='lat' dir='ltr'>de</span> <span class='ocrx_word' id='word_1_118' title='bbox 1377 666 1525 694; x_wconf 88' lang='lat' dir='ltr'>communi</span> <span class='ocrx_word' id='word_1_119' title='bbox 1554 666 1679 695; x_wconf 85' lang='lat' dir='ltr'>utilitate</span> 
     </span>
     <span class='ocr_line' id='line_1_11' title="bbox 167 715 1681 754; baseline 0 -9"><span class='ocrx_word' id='word_1_120' title='bbox 167 717 316 745; x_wconf 86' lang='lat' dir='ltr'>detraxerit</span> <span class='ocrx_word' id='word_1_121' title='bbox 344 717 444 754; x_wconf 79' lang='lat'>(15).</span> <span class='ocrx_word' id='word_1_122' title='bbox 486 716 575 744; x_wconf 77' lang='lat' dir='ltr'>Addit</span> <span class='ocrx_word' id='word_1_123' title='bbox 599 722 712 751; x_wconf 84' lang='lat' dir='ltr'>tamen,</span> <span class='ocrx_word' id='word_1_124' title='bbox 740 724 806 744; x_wconf 85' lang='lat' dir='ltr'>cum</span> <span class='ocrx_word' id='word_1_125' title='bbox 835 716 920 744; x_wconf 88' lang='lat' dir='ltr'>nobis</span> <span class='ocrx_word' id='word_1_126' title='bbox 944 717 1022 744; x_wconf 85' lang='lat' dir='ltr'>nulla</span> <span class='ocrx_word' id='word_1_127' title='bbox 1047 716 1085 744; x_wconf 90' lang='lat' dir='ltr'>sit</span> <span class='ocrx_word' id='word_1_128' title='bbox 1111 715 1232 744; x_wconf 86' lang='lat' dir='ltr'>societas</span> <span class='ocrx_word' id='word_1_129' title='bbox 1262 724 1328 744; x_wconf 89' lang='lat' dir='ltr'>cum</span> <span class='ocrx_word' id='word_1_130' title='bbox 1355 715 1507 751; x_wconf 75' lang='lat' dir='ltr'>tyrannis,</span> <span class='ocrx_word' id='word_1_131' title='bbox 1535 724 1595 745; x_wconf 89' lang='lat' dir='ltr'>non</span> <span class='ocrx_word' id='word_1_132' title='bbox 1618 726 1681 745; x_wconf 88' lang='lat' dir='ltr'>esse</span> 
     </span>
     <span class='ocr_line' id='line_1_12' title="bbox 166 766 1680 804; baseline 0.001 -8"><span class='ocrx_word' id='word_1_133' title='bbox 166 771 264 796; x_wconf 86' lang='lat' dir='ltr'>contra</span> <span class='ocrx_word' id='word_1_134' title='bbox 294 773 445 803; x_wconf 66' lang='lat' dir='ltr'>naturam,</span> <span class='ocrx_word' id='word_1_135' title='bbox 476 766 601 803; x_wconf 80' lang='lat' dir='ltr'>spoliare</span> <span class='ocrx_word' id='word_1_136' title='bbox 626 776 715 802; x_wconf 86' lang='lat' dir='ltr'>eum,</span> <span class='ocrx_word' id='word_1_137' title='bbox 745 776 829 803; x_wconf 84' lang='lat' dir='ltr'>quem</span> <span class='ocrx_word' id='word_1_138' title='bbox 855 775 900 796; x_wconf 86' lang='lat' dir='ltr'>est</span> <span class='ocrx_word' id='word_1_139' title='bbox 927 768 1073 796; x_wconf 72' lang='lat' dir='ltr'>honestum</span> <span class='ocrx_word' id='word_1_140' title='bbox 1100 775 1199 795; x_wconf 76' lang='lat' dir='ltr'>necare</span> <span class='ocrx_word' id='word_1_141' title='bbox 1226 767 1323 803; x_wconf 82' lang='lat'><strong>(16).</strong></span> <span class='ocrx_word' id='word_1_142' title='bbox 1370 766 1452 804; x_wconf 82' lang='lat' dir='ltr'>Quid</span> <span class='ocrx_word' id='word_1_143' title='bbox 1483 766 1572 803; x_wconf 79' lang='lat' dir='ltr'>igitur</span> <span class='ocrx_word' id='word_1_144' title='bbox 1595 769 1680 798; x_wconf 78' lang='lat' dir='ltr'>officii</span> 
     </span>
     <span class='ocr_line' id='line_1_13' title="bbox 166 816 1446 856; baseline -0.002 -9"><span class='ocrx_word' id='word_1_145' title='bbox 166 818 222 853; x_wconf 83' lang='lat' dir='ltr'>sit,</span> <span class='ocrx_word' id='word_1_146' title='bbox 244 826 278 847; x_wconf 87' lang='lat' dir='ltr'>ex</span> <span class='ocrx_word' id='word_1_147' title='bbox 297 825 426 854; x_wconf 84' lang='lat' dir='ltr'>ternpore</span> <span class='ocrx_word' id='word_1_148' title='bbox 450 818 651 854; x_wconf 83' lang='lat' dir='ltr'>existimatur,</span> <span class='ocrx_word' id='word_1_149' title='bbox 673 827 706 848; x_wconf 89' lang='lat' dir='ltr'>ex</span> <span class='ocrx_word' id='word_1_150' title='bbox 726 818 866 854; x_wconf 87' lang='lat' dir='ltr'>temporis</span> <span class='ocrx_word' id='word_1_151' title='bbox 889 819 999 847; x_wconf 84' lang='lat' dir='ltr'>ratione</span> <span class='ocrx_word' id='word_1_152' title='bbox 1022 818 1177 856; x_wconf 83' lang='lat' dir='ltr'>judicatur.</span> <span class='ocrx_word' id='word_1_153' title='bbox 1201 816 1285 855; x_wconf 86' lang='lat' dir='ltr'><em>(Off.</em></span> <span class='ocrx_word' id='word_1_154' title='bbox 1309 816 1370 852; x_wconf 83' lang='grc' dir='ltr'><strong>ΙΙΙ,</strong></span> <span class='ocrx_word' id='word_1_155' title='bbox 1391 818 1446 853; x_wconf 89' lang='lat'>6.)</span> 
     </span>
    </p>

    <p class='ocr_par' dir='ltr' id='par_1_4' title="bbox 162 869 1681 1415">
     <span class='ocr_line' id='line_1_14' title="bbox 204 869 1681 906; baseline 0.002 -9"><span class='ocrx_word' id='word_1_156' title='bbox 204 869 295 897; x_wconf 84' lang='lat' dir='ltr'>Nulla</span> <span class='ocrx_word' id='word_1_157' title='bbox 312 870 400 906; x_wconf 80' lang='lat' dir='ltr'>igitur</span> <span class='ocrx_word' id='word_1_158' title='bbox 430 869 563 898; x_wconf 86' lang='lat' dir='ltr'>utilitatis</span> <span class='ocrx_word' id='word_1_159' title='bbox 590 869 686 906; x_wconf 84' lang='lat' dir='ltr'>specie</span> <span class='ocrx_word' id='word_1_160' title='bbox 717 870 824 899; x_wconf 83' lang='lat' dir='ltr'>moveri</span> <span class='ocrx_word' id='word_1_161' title='bbox 854 870 989 899; x_wconf 87' lang='lat' dir='ltr'>debemus</span> <span class='ocrx_word' id='word_1_162' title='bbox 1022 876 1053 898; x_wconf 91' lang='lat' dir='ltr'>ut</span> <span class='ocrx_word' id='word_1_163' title='bbox 1079 869 1113 899; x_wconf 88' lang='lat' dir='ltr'>ab</span> <span class='ocrx_word' id='word_1_164' title='bbox 1141 870 1252 898; x_wconf 70' lang='lat' dir='ltr'>honesto</span> <span class='ocrx_word' id='word_1_165' title='bbox 1278 869 1481 904; x_wconf 75' lang='lat' dir='ltr'>deflectamus,</span> <span class='ocrx_word' id='word_1_166' title='bbox 1510 869 1622 899; x_wconf 85' lang='lat' dir='ltr'>etiamsi</span> <span class='ocrx_word' id='word_1_167' title='bbox 1650 871 1681 900; x_wconf 75' lang='lat' dir='ltr'>id</span> 
     </span>
     <span class='ocr_line' id='line_1_15' title="bbox 165 919 1676 958; baseline 0.002 -10"><span class='ocrx_word' id='word_1_168' title='bbox 165 920 284 957; x_wconf 86' lang='lat' dir='ltr'>impune</span> <span class='ocrx_word' id='word_1_169' title='bbox 307 920 397 948; x_wconf 78' lang='lat' dir='ltr'>facere</span> <span class='ocrx_word' id='word_1_170' title='bbox 418 919 577 956; x_wconf 79' lang='lat' dir='ltr'>possimus.</span> <span class='ocrx_word' id='word_1_171' title='bbox 618 920 684 958; x_wconf 84' lang='lat' dir='ltr'>Qua</span> <span class='ocrx_word' id='word_1_172' title='bbox 707 920 736 949; x_wconf 90' lang='lat' dir='ltr'>in</span> <span class='ocrx_word' id='word_1_173' title='bbox 756 929 784 949; x_wconf 90' lang='lat' dir='ltr'>re</span> <span class='ocrx_word' id='word_1_174' title='bbox 806 922 848 950; x_wconf 81' lang='lat' dir='ltr'>sic</span> <span class='ocrx_word' id='word_1_175' title='bbox 865 921 1104 950; x_wconf 83' lang='lat' dir='ltr'>ratiocinandum.</span> <span class='ocrx_word' id='word_1_176' title='bbox 1144 920 1205 948; x_wconf 86' lang='lat' dir='ltr'>Ubi</span> <span class='ocrx_word' id='word_1_177' title='bbox 1225 920 1320 955; x_wconf 87' lang='lat' dir='ltr'>aliqua</span> <span class='ocrx_word' id='word_1_178' title='bbox 1343 920 1453 957; x_wconf 83' lang='lat' dir='ltr'>objecta</span> <span class='ocrx_word' id='word_1_179' title='bbox 1475 927 1520 949; x_wconf 86' lang='lat' dir='ltr'>est</span> <span class='ocrx_word' id='word_1_180' title='bbox 1541 922 1676 952; x_wconf 71' lang='lat' dir='ltr'>utilitatis</span> 
     </span>
     <span class='ocr_line' id='line_1_16' title="bbox 165 970 1678 1007; baseline 0.001 -7"><span class='ocrx_word' id='word_1_181' title='bbox 165 971 296 1007; x_wconf 72' lang='lat' dir='ltr'>species,</span> <span class='ocrx_word' id='word_1_182' title='bbox 317 971 490 1001; x_wconf 87' lang='lat' dir='ltr'>commoveri</span> <span class='ocrx_word' id='word_1_183' title='bbox 505 980 621 1000; x_wconf 83' lang='lat' dir='ltr'>necesse</span> <span class='ocrx_word' id='word_1_184' title='bbox 643 978 703 1007; x_wconf 81' lang='lat' dir='ltr'>est,</span> <span class='ocrx_word' id='word_1_185' title='bbox 727 972 775 1000; x_wconf 87' lang='lat' dir='ltr'>sed</span> <span class='ocrx_word' id='word_1_186' title='bbox 789 972 832 1007; x_wconf 85' lang='lat' dir='ltr'>si,</span> <span class='ocrx_word' id='word_1_187' title='bbox 853 980 881 1000; x_wconf 84' lang='lat' dir='ltr'>re</span> <span class='ocrx_word' id='word_1_188' title='bbox 896 978 1001 1000; x_wconf 86' lang='lat' dir='ltr'>attente</span> <span class='ocrx_word' id='word_1_189' title='bbox 1017 970 1215 1007; x_wconf 85' lang='lat' dir='ltr'>considerata,</span> <span class='ocrx_word' id='word_1_190' title='bbox 1236 972 1331 1000; x_wconf 77' lang='lat' dir='ltr'>videas</span> <span class='ocrx_word' id='word_1_191' title='bbox 1351 971 1558 1007; x_wconf 87' lang='lat' dir='ltr'>turpitudinem</span> <span class='ocrx_word' id='word_1_192' title='bbox 1575 972 1615 1000; x_wconf 89' lang='lat' dir='ltr'>rei</span> <span class='ocrx_word' id='word_1_193' title='bbox 1628 974 1678 1001; x_wconf 85' lang='lat' dir='ltr'>ad-</span> 
     </span>
     <span class='ocr_line' id='line_1_17' title="bbox 163 1023 1676 1059; baseline 0.001 -9"><span class='ocrx_word' id='word_1_194' title='bbox 163 1023 290 1059; x_wconf 85' lang='lat' dir='ltr'>junctam</span> <span class='ocrx_word' id='word_1_195' title='bbox 301 1043 312 1057; x_wconf 81' lang='lat'>,</span> <span class='ocrx_word' id='word_1_196' title='bbox 333 1030 392 1050; x_wconf 74' lang='lat' dir='ltr'>tuni</span> <span class='ocrx_word' id='word_1_197' title='bbox 405 1023 515 1051; x_wconf 83' lang='lat' dir='ltr'>utilitas</span> <span class='ocrx_word' id='word_1_198' title='bbox 527 1031 586 1051; x_wconf 87' lang='lat' dir='ltr'>non</span> <span class='ocrx_word' id='word_1_199' title='bbox 603 1029 645 1051; x_wconf 87' lang='lat' dir='ltr'>est</span> <span class='ocrx_word' id='word_1_200' title='bbox 661 1023 864 1059; x_wconf 73' lang='lat' dir='ltr'>relinquenda,</span> <span class='ocrx_word' id='word_1_201' title='bbox 886 1024 937 1051; x_wconf 83' lang='lat' dir='ltr'>sed</span> <span class='ocrx_word' id='word_1_202' title='bbox 951 1023 1165 1059; x_wconf 82' lang='lat' dir='ltr'>intelligendum</span> <span class='ocrx_word' id='word_1_203' title='bbox 1176 1044 1185 1058; x_wconf 87' lang='lat'>‚</span> <span class='ocrx_word' id='word_1_204' title='bbox 1208 1023 1256 1051; x_wconf 83' lang='lat' dir='ltr'>ubi</span> <span class='ocrx_word' id='word_1_205' title='bbox 1272 1023 1423 1059; x_wconf 85' lang='lat' dir='ltr'>turpitudo</span> <span class='ocrx_word' id='word_1_206' title='bbox 1439 1023 1495 1058; x_wconf 77' lang='lat' dir='ltr'>sit,</span> <span class='ocrx_word' id='word_1_207' title='bbox 1517 1025 1624 1052; x_wconf 85' lang='lat' dir='ltr'>nullam</span> <span class='ocrx_word' id='word_1_208' title='bbox 1636 1024 1676 1052; x_wconf 82' lang='lat' dir='ltr'>ibi</span> 
     </span>
     <span class='ocr_line' id='line_1_18' title="bbox 165 1074 1681 1112; baseline 0.001 -11"><span class='ocrx_word' id='word_1_209' title='bbox 165 1081 229 1102; x_wconf 86' lang='lat' dir='ltr'>esse</span> <span class='ocrx_word' id='word_1_210' title='bbox 254 1074 419 1102; x_wconf 83' lang='lat' dir='ltr'>utilitatem.</span> <span class='ocrx_word' id='word_1_211' title='bbox 462 1074 549 1112; x_wconf 88' lang='lat' dir='ltr'>Quod</span> <span class='ocrx_word' id='word_1_212' title='bbox 565 1074 666 1110; x_wconf 85' lang='lat' dir='ltr'>probat</span> <span class='ocrx_word' id='word_1_213' title='bbox 684 1082 718 1102; x_wconf 85' lang='lat' dir='ltr'>ex</span> <span class='ocrx_word' id='word_1_214' title='bbox 734 1074 913 1102; x_wconf 82' lang='lat' dir='ltr'>naturalibus</span> <span class='ocrx_word' id='word_1_215' title='bbox 936 1074 1105 1110; x_wconf 83' lang='lat' dir='ltr'>principiis:</span> <span class='ocrx_word' id='word_1_216' title='bbox 1132 1074 1283 1112; x_wconf 72' lang='lat' dir='ltr'>turpitudo</span> <span class='ocrx_word' id='word_1_217' title='bbox 1309 1074 1382 1102; x_wconf 84' lang='lat' dir='ltr'>enirn</span> <span class='ocrx_word' id='word_1_218' title='bbox 1409 1080 1452 1102; x_wconf 85' lang='lat' dir='ltr'>est</span> <span class='ocrx_word' id='word_1_219' title='bbox 1472 1081 1573 1103; x_wconf 87' lang='lat' dir='ltr'>contra</span> <span class='ocrx_word' id='word_1_220' title='bbox 1597 1083 1681 1104; x_wconf 87' lang='lat' dir='ltr'>natu·</span> 
     </span>
     <span class='ocr_line' id='line_1_19' title="bbox 166 1125 1680 1163; baseline 0.001 -10"><span class='ocrx_word' id='word_1_221' title='bbox 166 1133 247 1161; x_wconf 81' lang='lat' dir='ltr'>ram,</span> <span class='ocrx_word' id='word_1_222' title='bbox 268 1125 384 1154; x_wconf 76' lang='lat' dir='ltr'>utilitas</span> <span class='ocrx_word' id='word_1_223' title='bbox 406 1126 563 1154; x_wconf 88' lang='lat' dir='ltr'>secundum</span> <span class='ocrx_word' id='word_1_224' title='bbox 586 1133 733 1162; x_wconf 90' lang='lat' dir='ltr'>naturam,</span> <span class='ocrx_word' id='word_1_225' title='bbox 759 1134 827 1163; x_wconf 70' lang='lat' dir='ltr'>ergo</span> <span class='ocrx_word' id='word_1_226' title='bbox 853 1126 1012 1154; x_wconf 80' lang='lat' dir='ltr'>coalescere</span> <span class='ocrx_word' id='word_1_227' title='bbox 1039 1132 1183 1162; x_wconf 86' lang='lat' dir='ltr'>nequeunt</span> <span class='ocrx_word' id='word_1_228' title='bbox 1206 1127 1311 1163; x_wconf 83' lang='lat'>(17);</span> <span class='ocrx_word' id='word_1_229' title='bbox 1342 1126 1421 1161; x_wconf 91' lang='lat' dir='ltr'>quod</span> <span class='ocrx_word' id='word_1_230' title='bbox 1447 1125 1551 1161; x_wconf 89' lang='lat' dir='ltr'>probat</span> <span class='ocrx_word' id='word_1_231' title='bbox 1573 1126 1630 1162; x_wconf 77' lang='lat' dir='ltr'>ita3</span> <span class='ocrx_word' id='word_1_232' title='bbox 1654 1126 1680 1154; x_wconf 85' lang='lat' dir='ltr'>si</span> 
     </span>
     <span class='ocr_line' id='line_1_20' title="bbox 165 1166 1679 1213; baseline 0.001 -9"><span class='ocrx_word' id='word_1_233' title='bbox 165 1177 311 1205; x_wconf 59' lang='lat' dir='ltr'>honestam</span> <span class='ocrx_word' id='word_1_234' title='bbox 331 1183 394 1211; x_wconf 83' lang='lat' dir='ltr'>est,</span> <span class='ocrx_word' id='word_1_235' title='bbox 415 1177 574 1205; x_wconf 86' lang='lat' dir='ltr'>secundum</span> <span class='ocrx_word' id='word_1_236' title='bbox 591 1184 719 1206; x_wconf 81' lang='lat' dir='ltr'>naturam</span> <span class='ocrx_word' id='word_1_237' title='bbox 736 1183 799 1206; x_wconf 59' lang='lat' dir='ltr'>esta</span> <span class='ocrx_word' id='word_1_238' title='bbox 819 1177 842 1205; x_wconf 92' lang='lat' dir='ltr'>si</span> <span class='ocrx_word' id='word_1_239' title='bbox 859 1177 1015 1206; x_wconf 81' lang='lat' dir='ltr'>secundum</span> <span class='ocrx_word' id='word_1_240' title='bbox 1032 1166 1388 1213; x_wconf 50' lang='lat' dir='ltr'>naturam‚&#39;expetendum</span> <span class='ocrx_word' id='word_1_241' title='bbox 1413 1182 1475 1205; x_wconf 80' lang='lat' dir='ltr'>est:</span> <span class='ocrx_word' id='word_1_242' title='bbox 1498 1177 1523 1206; x_wconf 91' lang='lat' dir='ltr'>si</span> <span class='ocrx_word' id='word_1_243' title='bbox 1545 1185 1679 1213; x_wconf 80' lang='lat' dir='ltr'>expeten-</span> 
     </span>
     <span class='ocr_line' id='line_1_21' title="bbox 164 1227 1678 1265; baseline 0.001 -10"><span class='ocrx_word' id='word_1_244' title='bbox 164 1227 232 1256; x_wconf 86' lang='lat' dir='ltr'>dum</span> <span class='ocrx_word' id='word_1_245' title='bbox 249 1234 312 1263; x_wconf 87' lang='lat' dir='ltr'>est,</span> <span class='ocrx_word' id='word_1_246' title='bbox 326 1227 435 1256; x_wconf 90' lang='lat' dir='ltr'>bonum</span> <span class='ocrx_word' id='word_1_247' title='bbox 451 1234 513 1257; x_wconf 84' lang='lat' dir='ltr'>est:</span> <span class='ocrx_word' id='word_1_248' title='bbox 530 1228 554 1257; x_wconf 93' lang='lat' dir='ltr'>si</span> <span class='ocrx_word' id='word_1_249' title='bbox 569 1228 679 1257; x_wconf 88' lang='lat' dir='ltr'>bonum</span> <span class='ocrx_word' id='word_1_250' title='bbox 696 1234 759 1263; x_wconf 81' lang='lat' dir='ltr'>est,</span> <span class='ocrx_word' id='word_1_251' title='bbox 779 1229 850 1257; x_wconf 67' lang='lat' dir='ltr'>utile</span> <span class='ocrx_word' id='word_1_252' title='bbox 866 1234 927 1257; x_wconf 86' lang='lat' dir='ltr'>est:</span> <span class='ocrx_word' id='word_1_253' title='bbox 949 1237 1037 1265; x_wconf 75' lang='lat' dir='ltr'>ergo,</span> <span class='ocrx_word' id='word_1_254' title='bbox 1058 1228 1083 1256; x_wconf 86' lang='lat' dir='ltr'>si</span> <span class='ocrx_word' id='word_1_255' title='bbox 1092 1230 1236 1257; x_wconf 69' lang='lat' dir='ltr'>honestum</span> <span class='ocrx_word' id='word_1_256' title='bbox 1252 1235 1295 1256; x_wconf 82' lang='lat' dir='ltr'>est</span> <span class='ocrx_word' id='word_1_257' title='bbox 1306 1249 1315 1263; x_wconf 76' lang='lat'>‚</span> <span class='ocrx_word' id='word_1_258' title='bbox 1336 1228 1409 1257; x_wconf 76' lang='lat' dir='ltr'>utile</span> <span class='ocrx_word' id='word_1_259' title='bbox 1423 1234 1482 1257; x_wconf 88' lang='lat' dir='ltr'>est:</span> <span class='ocrx_word' id='word_1_260' title='bbox 1503 1230 1576 1257; x_wconf 89' lang='lat' dir='ltr'>unde</span> <span class='ocrx_word' id='word_1_261' title='bbox 1592 1229 1678 1257; x_wconf 81' lang='lat' dir='ltr'>etiam</span> 
     </span>
     <span class='ocr_line' id='line_1_22' title="bbox 165 1278 1680 1315; baseline 0.003 -9"><span class='ocrx_word' id='word_1_262' title='bbox 165 1278 299 1313; x_wconf 84' lang='lat' dir='ltr'>sequitur</span> <span class='ocrx_word' id='word_1_263' title='bbox 315 1299 325 1314; x_wconf 85' lang='lat'>‚</span> <span class='ocrx_word' id='word_1_264' title='bbox 355 1280 435 1314; x_wconf 91' lang='lat' dir='ltr'>quod</span> <span class='ocrx_word' id='word_1_265' title='bbox 456 1279 529 1308; x_wconf 76' lang='lat' dir='ltr'>utile</span> <span class='ocrx_word' id='word_1_266' title='bbox 552 1286 618 1315; x_wconf 87' lang='lat' dir='ltr'>est,</span> <span class='ocrx_word' id='word_1_267' title='bbox 643 1280 716 1308; x_wconf 85' lang='lat' dir='ltr'>idern</span> <span class='ocrx_word' id='word_1_268' title='bbox 744 1288 806 1308; x_wconf 88' lang='lat' dir='ltr'>esse</span> <span class='ocrx_word' id='word_1_269' title='bbox 827 1281 993 1315; x_wconf 78' lang='lat' dir='ltr'>honestum,</span> <span class='ocrx_word' id='word_1_270' title='bbox 1019 1280 1099 1315; x_wconf 83' lang='lat' dir='ltr'>quod</span> <span class='ocrx_word' id='word_1_271' title='bbox 1121 1286 1275 1314; x_wconf 88' lang='lat' dir='ltr'>utrumque</span> <span class='ocrx_word' id='word_1_272' title='bbox 1297 1281 1453 1308; x_wconf 82' lang='lat' dir='ltr'>secundum</span> <span class='ocrx_word' id='word_1_273' title='bbox 1478 1286 1607 1308; x_wconf 84' lang='lat' dir='ltr'>naturam</span> <span class='ocrx_word' id='word_1_274' title='bbox 1630 1281 1680 1310; x_wconf 82' lang='lat' dir='ltr'>sit.</span> 
     </span>
     <span class='ocr_line' id='line_1_23' title="bbox 163 1327 1680 1367; baseline 0.002 -11"><span class='ocrx_word' id='word_1_275' title='bbox 163 1327 304 1357; x_wconf 86' lang='lat' dir='ltr'>Homines</span> <span class='ocrx_word' id='word_1_276' title='bbox 330 1330 419 1365; x_wconf 82' lang='lat' dir='ltr'>igitur</span> <span class='ocrx_word' id='word_1_277' title='bbox 446 1338 505 1359; x_wconf 89' lang='lat' dir='ltr'>non</span> <span class='ocrx_word' id='word_1_278' title='bbox 527 1331 632 1367; x_wconf 84' lang='lat' dir='ltr'>probi,</span> <span class='ocrx_word' id='word_1_279' title='bbox 660 1331 793 1359; x_wconf 85' lang='lat' dir='ltr'>utilitatis</span> <span class='ocrx_word' id='word_1_280' title='bbox 817 1330 912 1366; x_wconf 86' lang='lat' dir='ltr'>specie</span> <span class='ocrx_word' id='word_1_281' title='bbox 937 1331 1035 1366; x_wconf 80' lang='lat' dir='ltr'>capti,</span> <span class='ocrx_word' id='word_1_282' title='bbox 1063 1338 1157 1358; x_wconf 86' lang='lat' dir='ltr'>errore</span> <span class='ocrx_word' id='word_1_283' title='bbox 1179 1330 1303 1365; x_wconf 88' lang='lat' dir='ltr'>quodam</span> <span class='ocrx_word' id='word_1_284' title='bbox 1332 1338 1390 1358; x_wconf 82' lang='lat' dir='ltr'>eam</span> <span class='ocrx_word' id='word_1_285' title='bbox 1418 1337 1549 1367; x_wconf 87' lang='lat' dir='ltr'>separant</span> <span class='ocrx_word' id='word_1_286' title='bbox 1573 1331 1607 1360; x_wconf 81' lang='lat' dir='ltr'>ab</span> <span class='ocrx_word' id='word_1_287' title='bbox 1631 1332 1680 1359; x_wconf 80' lang='lat' dir='ltr'>bo·</span> 
     </span>
     <span class='ocr_line' id='line_1_24' title="bbox 162 1378 354 1415; baseline 0 -8"><span class='ocrx_word' id='word_1_288' title='bbox 162 1385 239 1407; x_wconf 81' lang='lat' dir='ltr'>nesto</span> <span class='ocrx_word' id='word_1_289' title='bbox 262 1378 354 1415; x_wconf 86' lang='lat'>(18).</span> 
     </span>
    </p>

    <p class='ocr_par' dir='ltr' id='par_1_5' title="bbox 159 1429 1678 1572">
     <span class='ocr_line' id='line_1_25' title="bbox 201 1429 1678 1468; baseline 0.003 -11"><span class='ocrx_word' id='word_1_290' title='bbox 201 1429 273 1458; x_wconf 87' lang='lat' dir='ltr'>Post</span> <span class='ocrx_word' id='word_1_291' title='bbox 301 1429 369 1457; x_wconf 80' lang='lat' dir='ltr'>hacc</span> <span class='ocrx_word' id='word_1_292' title='bbox 387 1429 536 1466; x_wconf 84' lang='lat' dir='ltr'>&#39;principia</span> <span class='ocrx_word' id='word_1_293' title='bbox 560 1430 590 1459; x_wconf 91' lang='lat' dir='ltr'>in</span> <span class='ocrx_word' id='word_1_294' title='bbox 619 1439 719 1467; x_wconf 81' lang='lat' dir='ltr'>genere</span> <span class='ocrx_word' id='word_1_295' title='bbox 735 1451 745 1466; x_wconf 82' lang='lat'><strong>‚</strong></span> <span class='ocrx_word' id='word_1_296' title='bbox 771 1437 947 1461; x_wconf 83' lang='lat' dir='ltr'>transeamus</span> <span class='ocrx_word' id='word_1_297' title='bbox 976 1431 1012 1459; x_wconf 87' lang='lat' dir='ltr'>ad</span> <span class='ocrx_word' id='word_1_298' title='bbox 1039 1431 1168 1467; x_wconf 85' lang='lat' dir='ltr'>singulas</span> <span class='ocrx_word' id='word_1_299' title='bbox 1199 1431 1364 1460; x_wconf 85' lang='lat' dir='ltr'>collisionis</span> <span class='ocrx_word' id='word_1_300' title='bbox 1396 1431 1528 1467; x_wconf 81' lang='lat' dir='ltr'>species,</span> <span class='ocrx_word' id='word_1_301' title='bbox 1557 1433 1590 1462; x_wconf 85' lang='lat' dir='ltr'>de</span> <span class='ocrx_word' id='word_1_302' title='bbox 1611 1432 1678 1468; x_wconf 81' lang='lat' dir='ltr'>qui-</span> 
     </span>
     <span class='ocr_line' id='line_1_26' title="bbox 163 1480 1674 1519; baseline 0.002 -11"><span class='ocrx_word' id='word_1_303' title='bbox 163 1480 218 1509; x_wconf 84' lang='lat' dir='ltr'>bus</span> <span class='ocrx_word' id='word_1_304' title='bbox 239 1489 326 1516; x_wconf 87' lang='lat' dir='ltr'>supra</span> <span class='ocrx_word' id='word_1_305' title='bbox 351 1481 407 1517; x_wconf 88' lang='lat' dir='ltr'>jam</span> <span class='ocrx_word' id='word_1_306' title='bbox 435 1481 555 1509; x_wconf 82' lang='lat' dir='ltr'>dictum.</span> <span class='ocrx_word' id='word_1_307' title='bbox 594 1481 627 1510; x_wconf 91' lang='lat' dir='ltr'>In</span> <span class='ocrx_word' id='word_1_308' title='bbox 652 1482 696 1510; x_wconf 86' lang='lat' dir='ltr'>his</span> <span class='ocrx_word' id='word_1_309' title='bbox 724 1482 823 1510; x_wconf 78' lang='lat' dir='ltr'>Cicero</span> <span class='ocrx_word' id='word_1_310' title='bbox 845 1483 967 1511; x_wconf 78' lang='lat' dir='ltr'>eamdem</span> <span class='ocrx_word' id='word_1_311' title='bbox 994 1482 1125 1517; x_wconf 84' lang='lat' dir='ltr'>sequitur</span> <span class='ocrx_word' id='word_1_312' title='bbox 1150 1481 1286 1510; x_wconf 82' lang='lat' dir='ltr'>rationem</span> <span class='ocrx_word' id='word_1_313' title='bbox 1305 1502 1315 1516; x_wconf 78' lang='lat'><strong>‚</strong></span> <span class='ocrx_word' id='word_1_314' title='bbox 1345 1490 1428 1517; x_wconf 80' lang='lat' dir='ltr'>quam</span> <span class='ocrx_word' id='word_1_315' title='bbox 1461 1483 1488 1510; x_wconf 89' lang='lat' dir='ltr'>in</span> <span class='ocrx_word' id='word_1_316' title='bbox 1516 1484 1674 1519; x_wconf 83' lang='lat' dir='ltr'>superiori-</span> 
     </span>
     <span class='ocr_line' id='line_1_27' title="bbox 159 1528 1675 1572; baseline 0.002 -13"><span class='ocrx_word' id='word_1_317' title='bbox 159 1532 216 1560; x_wconf 86' lang='lat' dir='ltr'>bus</span> <span class='ocrx_word' id='word_1_318' title='bbox 247 1531 338 1560; x_wconf 86' lang='lat' dir='ltr'>libris.</span> <span class='ocrx_word' id='word_1_319' title='bbox 385 1531 413 1559; x_wconf 94' lang='lat' dir='ltr'>A</span> <span class='ocrx_word' id='word_1_320' title='bbox 437 1538 561 1566; x_wconf 86' lang='lat' dir='ltr'>quatuor</span> <span class='ocrx_word' id='word_1_321' title='bbox 591 1532 664 1560; x_wconf 85' lang='lat' dir='ltr'>enirn</span> <span class='ocrx_word' id='word_1_322' title='bbox 693 1533 852 1562; x_wconf 83' lang='lat' dir='ltr'>honestatis</span> <span class='ocrx_word' id='word_1_323' title='bbox 882 1533 1012 1569; x_wconf 84' lang='lat' dir='ltr'>partibus</span> <span class='ocrx_word' id='word_1_324' title='bbox 1044 1532 1134 1560; x_wconf 83' lang='lat' dir='ltr'>officia</span> <span class='ocrx_word' id='word_1_325' title='bbox 1163 1532 1338 1567; x_wconf 77' lang='lat' dir='ltr'>deduxerat3</span> <span class='ocrx_word' id='word_1_326' title='bbox 1366 1528 1562 1569; x_wconf 81' lang='lat' dir='ltr'>sapientiam,</span> <span class='ocrx_word' id='word_1_327' title='bbox 1587 1534 1675 1572; x_wconf 87' lang='lat' dir='ltr'>justi-</span> 
     </span>
    </p>
   </div>
   <div class='ocr_carea' id='block_1_3' title="bbox 158 1581 1677 1672">
    <p class='ocr_par' dir='ltr' id='par_1_6' title="bbox 158 1581 1677 1672">
     <span class='ocr_line' id='line_1_28' title="bbox 158 1581 1671 1621; baseline 0.003 -11"><span class='ocrx_word' id='word_1_328' title='bbox 158 1583 252 1619; x_wconf 82' lang='lat' dir='ltr'>tiam,</span> <span class='ocrx_word' id='word_1_329' title='bbox 287 1581 512 1619; x_wconf 78' lang='lat' dir='ltr'>fortitudinem,</span> <span class='ocrx_word' id='word_1_330' title='bbox 541 1582 708 1613; x_wconf 80' lang='lat' dir='ltr'>modestiam</span> <span class='ocrx_word' id='word_1_331' title='bbox 739 1584 1011 1621; x_wconf 73' lang='lat' dir='ltr'>temperantiamque</span> <span class='ocrx_word' id='word_1_332' title='bbox 1039 1584 1151 1620; x_wconf 81' lang='lat'>(19);</span> <span class='ocrx_word' id='word_1_333' title='bbox 1182 1589 1209 1611; x_wconf 85' lang='lat' dir='ltr'>et</span> <span class='ocrx_word' id='word_1_334' title='bbox 1237 1582 1267 1610; x_wconf 89' lang='lat' dir='ltr'>in</span> <span class='ocrx_word' id='word_1_335' title='bbox 1301 1583 1401 1611; x_wconf 82' lang='lat' dir='ltr'>iisdem</span> <span class='ocrx_word' id='word_1_336' title='bbox 1432 1591 1463 1612; x_wconf 79' lang='lat' dir='ltr'>se</span> <span class='ocrx_word' id='word_1_337' title='bbox 1490 1592 1671 1614; x_wconf 78' lang='lat' dir='ltr'>versaturum</span> 
     </span>
     <span class='ocr_line' id='line_1_29' title="bbox 1607 1645 1677 1672; baseline 0.014 -8"><span class='ocrx_word' id='word_1_338' title='bbox 1607 1645 1677 1672; x_wconf 81' lang='lat' dir='ltr'>pro·</span> 
     </span>
    </p>
   </div>
   <div class='ocr_carea' id='block_1_4' title="bbox 158 1708 1675 2065">
    <p class='ocr_par' dir='ltr' id='par_1_7' title="bbox 160 1708 1675 1779">
     <span class='ocr_line' id='line_1_30' title="bbox 185 1708 1675 1739; baseline 0.004 -7"><span class='ocrx_word' id='word_1_339' title='bbox 185 1709 251 1737; x_wconf 80' lang='lat'><strong>(1⁵)</strong></span> <span class='ocrx_word' id='word_1_340' title='bbox 267 1709 331 1732; x_wconf 74' lang='lat' dir='ltr'>Hanc</span> <span class='ocrx_word' id='word_1_341' title='bbox 344 1708 444 1731; x_wconf 67' lang='lat' dir='ltr'>Ciceronis</span> <span class='ocrx_word' id='word_1_342' title='bbox 458 1709 590 1732; x_wconf 76' lang='lat' dir='ltr'>sententlam</span> <span class='ocrx_word' id='word_1_343' title='bbox 605 1710 718 1732; x_wconf 82' lang='lat' dir='ltr'>immerito</span> <span class='ocrx_word' id='word_1_344' title='bbox 732 1711 1009 1739; x_wconf 76' lang='lat' dir='ltr'>reprehenditl’ufindarf,</span> <span class='ocrx_word' id='word_1_345' title='bbox 1022 1711 1045 1733; x_wconf 71' lang='lat' dir='ltr'>de</span> <span class='ocrx_word' id='word_1_346' title='bbox 1053 1711 1080 1739; x_wconf 82' lang='lat' dir='ltr'>J.</span> <span class='ocrx_word' id='word_1_347' title='bbox 1090 1711 1123 1732; x_wconf 88' lang='lat' dir='ltr'>N.</span> <span class='ocrx_word' id='word_1_348' title='bbox 1136 1715 1156 1731; x_wconf 80' lang='lat' dir='ltr'>n</span> <span class='ocrx_word' id='word_1_349' title='bbox 1171 1712 1196 1733; x_wconf 84' lang='lat' dir='ltr'>G.</span> <span class='ocrx_word' id='word_1_350' title='bbox 1212 1711 1238 1733; x_wconf 88' lang='lat' dir='ltr'>L.</span> <span class='ocrx_word' id='word_1_351' title='bbox 1246 1710 1284 1734; x_wconf 84' lang='lat' dir='ltr'>lll.</span> <span class='ocrx_word' id='word_1_352' title='bbox 1300 1716 1320 1734; x_wconf 80' lang='lat' dir='ltr'>c·</span> <span class='ocrx_word' id='word_1_353' title='bbox 1330 1711 1358 1733; x_wconf 80' lang='lat'>1¹-</span> <span class='ocrx_word' id='word_1_354' title='bbox 1375 1709 1394 1737; x_wconf 73' lang='lat'>§-</span> <span class='ocrx_word' id='word_1_355' title='bbox 1405 1717 1430 1733; x_wconf 76' lang='lat'>22</span> <span class='ocrx_word' id='word_1_356' title='bbox 1448 1712 1489 1733; x_wconf 74' lang='lat' dir='ltr'>sed</span> <span class='ocrx_word' id='word_1_357' title='bbox 1503 1711 1565 1733; x_wconf 71' lang='lat' dir='ltr'>illum</span> <span class='ocrx_word' id='word_1_358' title='bbox 1580 1711 1675 1738; x_wconf 62' lang='lat' dir='ltr'>esressffl&#39;</span> 
     </span>
     <span class='ocr_line' id='line_1_31' title="bbox 160 1751 934 1779; baseline 0.001 -7"><span class='ocrx_word' id='word_1_359' title='bbox 160 1751 262 1775; x_wconf 73' lang='lat' dir='ltr'>defendit</span> <span class='ocrx_word' id='word_1_360' title='bbox 279 1756 302 1772; x_wconf 86' lang='lat' dir='ltr'>et</span> <span class='ocrx_word' id='word_1_361' title='bbox 316 1751 476 1773; x_wconf 71' lang='lat' dir='ltr'>interrretatur</span> <span class='ocrx_word' id='word_1_362' title='bbox 491 1753 649 1779; x_wconf 60' lang='lat' dir='ltr'>harhyran&#39;us,</span> <span class='ocrx_word' id='word_1_363' title='bbox 665 1754 726 1774; x_wconf 78' lang='lat' dir='ltr'>notis</span> <span class='ocrx_word' id='word_1_364' title='bbox 740 1754 824 1774; x_wconf 77' lang='lat' dir='ltr'>Gallicis</span> <span class='ocrx_word' id='word_1_365' title='bbox 838 1754 865 1774; x_wconf 66' lang='lat' dir='ltr'>aa</span> <span class='ocrx_word' id='word_1_366' title='bbox 882 1754 902 1774; x_wconf 73' lang='lat' dir='ltr'>k.</span> <span class='ocrx_word' id='word_1_367' title='bbox 919 1755 934 1776; x_wconf 81' lang='grc' dir='ltr'>ι.</span> 
     </span>
    </p>

    <p class='ocr_par' dir='ltr' id='par_1_8' title="bbox 158 1792 1674 1904">
     <span class='ocr_line' id='line_1_32' title="bbox 186 1792 1674 1823; baseline 0.002 -11"><span class='ocrx_word' id='word_1_368' title='bbox 186 1792 251 1820; x_wconf 58' lang='lat'>(16)</span> <span class='ocrx_word' id='word_1_369' title='bbox 268 1792 329 1813; x_wconf 75' lang='lat' dir='ltr'>llaec</span> <span class='ocrx_word' id='word_1_370' title='bbox 344 1792 502 1814; x_wconf 55' lang='lat' dir='ltr'>suite-ousiam</span> <span class='ocrx_word' id='word_1_371' title='bbox 514 1799 617 1815; x_wconf 77' lang='lat' dir='ltr'>veretum</span> <span class='ocrx_word' id='word_1_372' title='bbox 632 1800 730 1820; x_wconf 85' lang='lat' dir='ltr'>rerump.</span> <span class='ocrx_word' id='word_1_373' title='bbox 748 1794 867 1816; x_wconf 77' lang='lat' dir='ltr'>sententia.</span> <span class='ocrx_word' id='word_1_374' title='bbox 898 1795 930 1815; x_wconf 86' lang='lat' dir='ltr'>De</span> <span class='ocrx_word' id='word_1_375' title='bbox 946 1794 1028 1815; x_wconf 75' lang='lat' dir='ltr'>Craecln</span> <span class='ocrx_word' id='word_1_376' title='bbox 1048 1793 1094 1815; x_wconf 88' lang='lat' dir='ltr'>vid.</span> <span class='ocrx_word' id='word_1_377' title='bbox 1116 1793 1203 1820; x_wconf 75' lang='lat' dir='ltr'>egregia</span> <span class='ocrx_word' id='word_1_378' title='bbox 1219 1793 1322 1819; x_wconf 77' lang='lat' dir='ltr'>exempla</span> <span class='ocrx_word' id='word_1_379' title='bbox 1344 1794 1402 1819; x_wconf 79' lang='lat' dir='ltr'>apud</span> <span class='ocrx_word' id='word_1_380' title='bbox 1419 1794 1462 1814; x_wconf 71' lang='lat' dir='ltr'>cie.</span> <span class='ocrx_word' id='word_1_381' title='bbox 1478 1798 1516 1820; x_wconf 79' lang='lat' dir='ltr'>pro</span> <span class='ocrx_word' id='word_1_382' title='bbox 1529 1793 1576 1816; x_wconf 80' lang='lat' dir='ltr'>Mil.</span> <span class='ocrx_word' id='word_1_383' title='bbox 1591 1800 1634 1823; x_wconf 86' lang='lat'>29,</span> <span class='ocrx_word' id='word_1_384' title='bbox 1648 1794 1674 1816; x_wconf 70' lang='lat' dir='ltr'>de</span> 
     </span>
     <span class='ocr_line' id='line_1_33' title="bbox 158 1833 1674 1862; baseline 0.001 -8"><span class='ocrx_word' id='word_1_385' title='bbox 158 1833 208 1854; x_wconf 70' lang='lat' dir='ltr'>Im«.</span> <span class='ocrx_word' id='word_1_386' title='bbox 223 1833 256 1858; x_wconf 87' lang='lat' dir='ltr'>ll,</span> <span class='ocrx_word' id='word_1_387' title='bbox 273 1838 308 1860; x_wconf 80' lang='grc'>49.</span> <span class='ocrx_word' id='word_1_388' title='bbox 339 1833 394 1855; x_wconf 69' lang='lat' dir='ltr'>plut.</span> <span class='ocrx_word' id='word_1_389' title='bbox 410 1835 432 1855; x_wconf 71' lang='lat' dir='ltr'>in</span> <span class='ocrx_word' id='word_1_390' title='bbox 447 1834 516 1861; x_wconf 73' lang='lat' dir='ltr'>comp.</span> <span class='ocrx_word' id='word_1_391' title='bbox 531 1836 606 1855; x_wconf 60' lang='lat' dir='ltr'>Salonis</span> <span class='ocrx_word' id='word_1_392' title='bbox 617 1841 669 1856; x_wconf 89' lang='lat' dir='ltr'>cum</span> <span class='ocrx_word' id='word_1_393' title='bbox 683 1836 758 1857; x_wconf 55' lang='lat' dir='ltr'>Public.</span> <span class='ocrx_word' id='word_1_394' title='bbox 791 1836 849 1856; x_wconf 69' lang='lat' dir='ltr'>Nota</span> <span class='ocrx_word' id='word_1_395' title='bbox 868 1840 901 1856; x_wconf 79' lang='lat' dir='ltr'>est</span> <span class='ocrx_word' id='word_1_396' title='bbox 914 1836 973 1860; x_wconf 68' lang='lat' dir='ltr'>apud</span> <span class='ocrx_word' id='word_1_397' title='bbox 988 1836 1084 1855; x_wconf 76' lang='lat' dir='ltr'>Rommot</span> <span class='ocrx_word' id='word_1_398' title='bbox 1100 1836 1144 1855; x_wconf 71' lang='lat' dir='ltr'>Lex</span> <span class='ocrx_word' id='word_1_399' title='bbox 1157 1835 1254 1860; x_wconf 72' lang='lat' dir='ltr'>Valeria,</span> <span class='ocrx_word' id='word_1_400' title='bbox 1271 1836 1299 1856; x_wconf 88' lang='lat' dir='ltr'>de</span> <span class='ocrx_word' id='word_1_401' title='bbox 1314 1839 1357 1862; x_wconf 83' lang='lat' dir='ltr'>qua</span> <span class='ocrx_word' id='word_1_402' title='bbox 1376 1833 1423 1856; x_wconf 72' lang='lat' dir='ltr'>Liv.</span> <span class='ocrx_word' id='word_1_403' title='bbox 1439 1835 1474 1860; x_wconf 87' lang='lat'>11.</span> <span class='ocrx_word' id='word_1_404' title='bbox 1491 1835 1512 1857; x_wconf 82' lang='lat'>8.</span> <span class='ocrx_word' id='word_1_405' title='bbox 1542 1835 1674 1862; x_wconf 66' lang='lat' dir='ltr'>Hermum,</span> 
     </span>
     <span class='ocr_line' id='line_1_34' title="bbox 158 1867 1672 1904; baseline 0.001 -8"><span class='ocrx_word' id='word_1_406' title='bbox 158 1876 221 1896; x_wconf 75' lang='lat' dir='ltr'>Amr.</span> <span class='ocrx_word' id='word_1_407' title='bbox 236 1874 360 1901; x_wconf 74' lang='lat' dir='ltr'><em>Rom.‚App.</em></span> <span class='ocrx_word' id='word_1_408' title='bbox 384 1876 411 1896; x_wconf 83' lang='lat' dir='ltr'>L.</span> <span class='ocrx_word' id='word_1_409' title='bbox 424 1876 441 1898; x_wconf 81' lang='lat' dir='ltr'>l.</span> <span class='ocrx_word' id='word_1_410' title='bbox 465 1876 477 1904; x_wconf 72' lang='lat' dir='ltr'>s</span> <span class='ocrx_word' id='word_1_411' title='bbox 499 1877 534 1897; x_wconf 72' lang='lat'>2⁶.</span> <span class='ocrx_word' id='word_1_412' title='bbox 566 1874 658 1896; x_wconf 70' lang='lat' dir='ltr'>Cicutam·</span> <span class='ocrx_word' id='word_1_413' title='bbox 670 1876 776 1898; x_wconf 75' lang='lat' dir='ltr'>adsentiri</span> <span class='ocrx_word' id='word_1_414' title='bbox 793 1876 882 1897; x_wconf 76' lang='lat' dir='ltr'>videtur</span> <span class='ocrx_word' id='word_1_415' title='bbox 895 1877 976 1897; x_wconf 59' lang='lat' dir='ltr'>Gratim</span> <span class='ocrx_word' id='word_1_416' title='bbox 992 1876 1018 1902; x_wconf 86' lang='lat' dir='ltr'>J.</span> <span class='ocrx_word' id='word_1_417' title='bbox 1030 1876 1055 1897; x_wconf 77' lang='grc' dir='ltr'>Β.</span> <span class='ocrx_word' id='word_1_418' title='bbox 1070 1880 1090 1895; x_wconf 80' lang='lat' dir='ltr'>er</span> <span class='ocrx_word' id='word_1_419' title='bbox 1104 1876 1129 1897; x_wconf 83' lang='grc' dir='ltr'>Ρ.</span> <span class='ocrx_word' id='word_1_420' title='bbox 1152 1875 1175 1896; x_wconf 91' lang='lat' dir='ltr'>L.</span> <span class='ocrx_word' id='word_1_421' title='bbox 1192 1875 1229 1896; x_wconf 83' lang='lat'><em>111.</em></span> <span class='ocrx_word' id='word_1_422' title='bbox 1250 1881 1263 1896; x_wconf 92' lang='lat' dir='ltr'>c</span> <span class='ocrx_word' id='word_1_423' title='bbox 1287 1880 1320 1897; x_wconf 85' lang='grc' dir='ltr'>ιο.</span> <span class='ocrx_word' id='word_1_424' title='bbox 1340 1876 1358 1902; x_wconf 80' lang='lat'>§-</span> <span class='ocrx_word' id='word_1_425' title='bbox 1373 1881 1393 1901; x_wconf 85' lang='lat'>³·</span> <span class='ocrx_word' id='word_1_426' title='bbox 1667 1867 1672 1872; x_wconf 75' lang='grc'><strong>”</strong></span> 
     </span>
    </p>

    <p class='ocr_par' dir='ltr' id='par_1_9' title="bbox 159 1914 1672 1990">
     <span class='ocr_line' id='line_1_35' title="bbox 184 1914 1672 1949; baseline 0 -11"><span class='ocrx_word' id='word_1_427' title='bbox 184 1914 250 1941; x_wconf 88' lang='lat'><em>(¹7)</em></span> <span class='ocrx_word' id='word_1_428' title='bbox 266 1915 348 1948; x_wconf 64' lang='lat' dir='ltr'><em>Cave,</em></span> <span class='ocrx_word' id='word_1_429' title='bbox 363 1917 421 1936; x_wconf 76' lang='lat' dir='ltr'>dnm.</span> <span class='ocrx_word' id='word_1_430' title='bbox 450 1917 476 1938; x_wconf 84' lang='grc' dir='ltr'>Τ.</span> <span class='ocrx_word' id='word_1_431' title='bbox 490 1917 528 1939; x_wconf 84' lang='lat' dir='ltr'>lll.</span> <span class='ocrx_word' id='word_1_432' title='bbox 550 1924 572 1943; x_wconf 83' lang='lat' dir='ltr'>p.</span> <span class='ocrx_word' id='word_1_433' title='bbox 587 1918 630 1949; x_wconf 38' lang='grc' dir='ltr'>ἧς,</span> <span class='ocrx_word' id='word_1_434' title='bbox 651 1917 693 1939; x_wconf 79' lang='lat' dir='ltr'>Cic.</span> <span class='ocrx_word' id='word_1_435' title='bbox 717 1917 876 1945; x_wconf 77' lang='lat' dir='ltr'>reprehendit,</span> <span class='ocrx_word' id='word_1_436' title='bbox 890 1918 951 1944; x_wconf 82' lang='lat' dir='ltr'>quod</span> <span class='ocrx_word' id='word_1_437' title='bbox 969 1918 1067 1938; x_wconf 70' lang='lat' dir='ltr'>militaris</span> <span class='ocrx_word' id='word_1_438' title='bbox 1086 1918 1195 1943; x_wconf 65' lang='lat' dir='ltr'>appetitum</span> <span class='ocrx_word' id='word_1_439' title='bbox 1215 1923 1226 1938; x_wconf 75' lang='lat' dir='ltr'>a</span> <span class='ocrx_word' id='word_1_440' title='bbox 1239 1922 1314 1936; x_wconf 80' lang='lat' dir='ltr'>namra</span> <span class='ocrx_word' id='word_1_441' title='bbox 1329 1916 1435 1940; x_wconf 76' lang='lat' dir='ltr'>deducir;</span> <span class='ocrx_word' id='word_1_442' title='bbox 1457 1917 1523 1944; x_wconf 37' lang='lat' dir='ltr'>quod*</span> <span class='ocrx_word' id='word_1_443' title='bbox 1535 1917 1562 1940; x_wconf 79' lang='lat' dir='ltr'>ad</span> <span class='ocrx_word' id='word_1_444' title='bbox 1575 1921 1672 1944; x_wconf 70' lang='lat' dir='ltr'>sequen·</span> 
     </span>
     <span class='ocr_line' id='line_1_36' title="bbox 159 1956 1456 1990; baseline 0.002 -12"><span class='ocrx_word' id='word_1_445' title='bbox 159 1956 243 1978; x_wconf 72' lang='lat' dir='ltr'>adtinet</span> <span class='ocrx_word' id='word_1_446' title='bbox 257 1961 409 1982; x_wconf 70' lang='lat' dir='ltr'>argumentum</span> <span class='ocrx_word' id='word_1_447' title='bbox 425 1957 530 1979; x_wconf 69' lang='lat' dir='ltr'>observat</span> <span class='ocrx_word' id='word_1_448' title='bbox 543 1964 567 1986; x_wconf 79' lang='lat' dir='ltr'>p.</span> <span class='ocrx_word' id='word_1_449' title='bbox 579 1959 735 1990; x_wconf 58' lang='lat' dir='ltr'>492Jormam</span> <span class='ocrx_word' id='word_1_450' title='bbox 745 1959 837 1987; x_wconf 73' lang='lat' dir='ltr'>quidem</span> <span class='ocrx_word' id='word_1_451' title='bbox 850 1958 932 1981; x_wconf 73' lang='lat' dir='ltr'>habere</span> <span class='ocrx_word' id='word_1_452' title='bbox 948 1957 1091 1985; x_wconf 69' lang='lat' dir='ltr'>syllogismi,</span> <span class='ocrx_word' id='word_1_453' title='bbox 1103 1958 1143 1980; x_wconf 82' lang='lat' dir='ltr'>sed</span> <span class='ocrx_word' id='word_1_454' title='bbox 1166 1963 1242 1981; x_wconf 70' lang='lat' dir='ltr'>carere</span> <span class='ocrx_word' id='word_1_455' title='bbox 1263 1958 1286 1980; x_wconf 90' lang='lat' dir='ltr'>vl</span> <span class='ocrx_word' id='word_1_456' title='bbox 1307 1957 1456 1985; x_wconf 63' lang='lat' dir='ltr'>probationis.</span> 
     </span>
    </p>

    <p class='ocr_par' dir='ltr' id='par_1_10' title="bbox 186 1996 459 2024">
     <span class='ocr_line' id='line_1_37' title="bbox 186 1996 459 2024; baseline 0.011 -7"><span class='ocrx_word' id='word_1_457' title='bbox 186 1996 232 2024; x_wconf 78' lang='lat'>(18</span> <span class='ocrx_word' id='word_1_458' title='bbox 248 2001 253 2018; x_wconf 61' lang='lat'>¹,</span> <span class='ocrx_word' id='word_1_459' title='bbox 269 1997 303 2017; x_wconf 77' lang='lat' dir='ltr'>Do</span> <span class='ocrx_word' id='word_1_460' title='bbox 318 1996 362 2022; x_wconf 83' lang='lat' dir='ltr'>Off.</span> <span class='ocrx_word' id='word_1_461' title='bbox 377 1996 423 2024; x_wconf 75' lang='grc' dir='ltr'><strong>ΙΙΙ,</strong></span> <span class='ocrx_word' id='word_1_462' title='bbox 438 1998 459 2020; x_wconf 77' lang='grc'>8.</span> 
     </span>
    </p>

    <p class='ocr_par' dir='ltr' id='par_1_11' title="bbox 187 2036 404 2065">
     <span class='ocr_line' id='line_1_38' title="bbox 187 2036 404 2065; baseline 0.005 -7"><span class='ocrx_word' id='word_1_463' title='bbox 187 2036 256 2065; x_wconf 76' lang='lat'>(¹9)</span> <span class='ocrx_word' id='word_1_464' title='bbox 272 2037 327 2060; x_wconf 72' lang='lat' dir='ltr'>ibid.</span> <span class='ocrx_word' id='word_1_465' title='bbox 343 2037 367 2065; x_wconf 86' lang='lat'>1,</span> <span class='ocrx_word' id='word_1_466' title='bbox 382 2042 404 2062; x_wconf 86' lang='lat' dir='ltr'>s.</span> 
     </span>
    </p>
   </div>
  </div>
 </body>
</html>
