1913 2427
334 132 819 168 DISSERTATIO
885 132 1426 172 PHILOSOPH'ICA.
1598 135 1640 172 31

116 225 228 262 quippe
249 231 372 260 quorum
404 222 477 251 ratio
498 230 565 259 prae
592 221 694 251 ceteris
720 229 785 250 cum
807 220 989 257 eloquentia,
1014 228 1041 251 et
1064 222 1150 252 rebus
1170 223 1332 260 civilibus,
1361 225 1451 255 multa
1476 227 1633 264 coniuncta

115 274 252 304 habebat:
279 274 517 310 quemadmodum
539 274 568 301 in
594 271 807 309 Prolegomenis
833 272 1028 303 ostendimus:
1059 274 1138 310 ubi,
1167 284 1240 312 quae
1269 276 1441 306 adduximus
1472 279 1554 314 loca,
1582 280 1631 310 hic

114 326 233 357 omnino
256 325 450 355 conferantur.
491 325 618 354 Stoicam
641 324 779 353 rationem
805 323 968 355 Ciceronem
984 335 1044 356 non
1067 326 1161 357 fuisse
1182 334 1333 365 secutum,
1355 329 1476 366 probare
1498 331 1631 360 videntur

113 381 197 416 loca,
225 380 261 409 de
284 380 353 409 Fin.
380 379 430 408 ΙΙΙ.
455 388 484 416 3.
515 379 568 409 1V.
591 388 616 410 1.
641 388 684 409 10.
714 380 756 409 11.
779 380 846 414 38.;
872 385 904 407 ut
928 385 957 407 et
978 384 1039 408 tota
1059 385 1161 409 contra
1181 380 1359 419 Torquatum
1384 381 1560 419 Epicureum
1587 383 1631 412 di·

113 431 263 469 sputatio,
283 431 321 460 L.
337 431 377 460 ΙΙ.
397 431 432 460 de
449 431 515 461 Fin.
527 452 537 467 ‚
558 430 690 460 Stoicum
704 438 764 459 non
781 431 892 468 arguit:
913 438 941 460 et
955 430 995 461 V.
1009 432 1045 461 de
1059 432 1126 464 Fin.
1147 435 1195 462 28.
1217 432 1270 463 fin.
1287 433 1414 471 fatetur,
1436 443 1533 465 secum
1549 445 1631 473 esse,

111 482 281 519 quicunque
303 491 369 513 cum
393 484 494 511 Pisone
511 482 699 519 Peripatetico
721 481 819 512 fuerit.

148 533 281 564 Addatur
306 534 352 563 his
382 534 559 571 argumentis
589 534 709 563 Ernesc.
735 535 769 562 in
797 533 923 571 Argum.
954 534 994 564 ad
1019 535 1057 566 L.
1073 536 1114 566 V.
1138 536 1174 566 de
1195 537 1261 567 Fin.
1312 559 1331 573 ‚,
1352 537 1483 576 Quas,''
1511 538 1630 576 inquit,

113 606 132 622 ,‚
153 587 294 624 superiori
325 586 399 615 libro
425 587 487 623 ipse
518 593 611 623 partes
637 591 802 623 susceperat
831 586 949 622 Cicero,
972 595 1018 616 eas
1042 588 1099 617 hoc
1117 588 1192 617 libro
1214 589 1261 619 lis.
1283 589 1382 618 Pisoni
1404 590 1546 626 imponit,
1576 597 1628 626 ut,

113 658 132 674 ,,
152 646 218 666 cum
242 638 304 675 ipse
328 637 440 667 Veteris
461 637 632 667 Academiae
649 644 677 666 et
699 637 954 674 Peripateticorum
978 638 1135 675 rationem,
1164 639 1330 677 impugnata
1352 641 1467 677 Stoica,
1487 641 1631 670 defendis-

112 709 132 726 „
152 696 210 725 set,
233 690 279 718 hic
297 698 374 718 nunc
399 698 512 719 omnem
538 690 614 719 illam
641 690 778 720 rationem
805 691 979 726 explanaret.
1020 691 1060 720 Et
1085 690 1171 720 facile
1194 692 1310 728 quidem
1340 691 1532 729 intelligitur,
1559 701 1632 728 quae

114 761 134 777 ‚‚
154 741 219 770 Piso
241 741 287 770 hic
309 741 457 777 disputare
483 741 622 779 fingitur,
647 750 678 771 ea
698 741 831 771 Ciceroni
851 742 996 779 placuisse
1019 743 1096 779 ipsi,
1124 749 1204 778 tum,
1235 743 1314 779 quod
1342 743 1468 771 eamdem
1493 744 1631 774 rationem

115 812 135 828 ‚,
157 792 298 828 superiori
317 792 390 821 libro
412 793 526 822 Stoicae
548 800 770 830 praeposuerat,
798 799 860 822 tum
882 803 969 830 vero,
997 795 1078 831 quod
1098 795 1162 831 ipsa
1189 794 1262 823 ratio
1286 795 1447 831 explicandi
1475 802 1518 823 est
1544 796 1630 832 longe

113 863 132 880 „
153 843 201 872 illa
222 843 372 873 venustior
394 850 422 872 et
441 843 588 879 ornatior,
611 853 667 880 qua
687 844 726 872 L.
741 844 766 874 Ι.
786 851 814 873 et
830 845 882 874 ΙΙΙ.
910 854 983 874 usus
1007 852 1070 881 est,
1100 854 1164 875 cum
1189 846 1278 875 aliena
1299 855 1314 875 e
1335 846 1478 884 Torquati
1500 853 1527 874 et
1548 846 1633 875 Cato-

115 914 133 931 „
153 896 197 924 nis
220 895 351 931 personis
382 895 555 931 disputaret.
595 895 638 924 Ea
666 895 740 924 enim
768 895 827 925 fere
855 896 970 926 felicius
999 897 1029 926 in
1054 897 1110 926 hoc
1140 906 1240 934 genere
1267 898 1444 933 succedunt,
1474 906 1547 933 quae
1573 898 1632 935 ipsi

115 936 324 982 „probamus
365 946 464 982 Itaque
492 946 575 975 etiam
607 947 680 976 illud
710 947 816 976 accidit
839 948 994 983 Ciceroni,
1022 955 1056 978 ut
1078 957 1107 978 c.
1128 950 1144 977 8
1177 949 1412 984 oblivisceretur,
1433 948 1547 978 Pisonis
1565 958 1630 979 esse

113 1017 132 1032 „
152 997 229 1026 illam
253 997 499 1034 disputationem,
523 1004 570 1033 et,
591 1006 622 1026 se
641 998 688 1027 hic
704 999 871 1035 disputare,
893 999 1077 1037 significaret.
1117 1000 1194 1029 Nam
1217 1000 1248 1029 in
1269 1000 1335 1037 ipso
1362 1000 1413 1028 illo
1439 999 1551 1029 Pisonis
1573 1009 1635 1030 ser-

112 1068 132 1084 „
152 1057 256 1084 mone,
277 1049 361 1085 plane
380 1048 469 1077 aliena
489 1048 523 1077 ab
549 1049 611 1086 ejus
631 1058 752 1086 persona
775 1050 906 1079 Cleeroni
924 1052 1089 1080 exciderunt
1109 1052 1192 1080 haec:
1222 1052 1348 1089 Quando
1371 1052 1468 1089 igitur
1487 1058 1516 1080 et
1535 1051 1570 1081 de
1584 1061 1632 1086 voe

111 1120 131 1136 ‚‚
150 1100 263 1139 luptate
283 1109 348 1129 cum
372 1100 518 1138 Torquato
541 1100 604 1137 (L.
625 1101 688 1140 11.)
715 1108 742 1129 et
761 1102 798 1131 de
819 1103 967 1132 honestate
990 1123 1048 1133 0...
1071 1113 1135 1133 cum
1159 1103 1266 1132 Catone
1288 1102 1350 1139 (L.
1372 1102 1450 1140 IV.)
1469 1109 1511 1132 est
1530 1103 1630 1142 dispu-

110 1171 131 1188 „
151 1157 247 1180 tatum
270 1157 327 1180 etc.
349 1160 422 1188 quae
441 1151 575 1188 profecto
595 1151 696 1181 Pisoni
715 1153 852 1189 minime,
881 1155 930 1183 sed
954 1154 1086 1184 Ciceroni
1115 1154 1171 1191 ipsi
1202 1154 1303 1191 potius
1324 1154 1513 1184 conveniunt.
1552 1156 1629 1186 Nam

110 1222 130 1240 „
153 1203 234 1239 quod
255 1203 285 1232 in
307 1202 362 1231 fine
385 1203 472 1240 hujus
504 1203 572 1232 libri
601 1213 627 1234 c.
646 1205 684 1233 26
707 1214 755 1241 sq.
779 1206 915 1241 quaedam
947 1206 976 1235 in
1004 1206 1193 1243 Peripatetica
1222 1206 1333 1235 ratione
1361 1206 1626 1243 reprehenduntur:

117 1275 137 1291 „
158 1263 189 1283 ea
212 1262 272 1283 non
295 1255 330 1283 ad
349 1263 488 1283 summam
513 1255 552 1283 rei
579 1256 742 1292 pertinent3
772 1265 838 1285 curn
864 1265 924 1286 non
946 1263 1003 1286 tam
1025 1257 1087 1294 ipsa
1110 1256 1250 1286 sententia
1279 1257 1520 1294 reprehendatur,
1543 1267 1629 1294 quam

108 1325 129 1343 ‚,
148 1306 228 1343 quod
249 1305 418 1335 inconstans
436 1306 669 1343 quodammodo,
690 1315 742 1336 nec
760 1308 831 1337 sati⁵
852 1308 1037 1338 consentiens
1056 1308 1193 1338 omnibus
1215 1308 1363 1345 partibus,
1383 1308 1421 1337 sit
1443 1308 1630 1346 PerIpatetica

106 1377 127 1395 ‚‚
146 1354 239 1394 rati03
262 1365 336 1394 quae
356 1365 422 1386 cum
442 1357 562 1394 doceat,
583 1357 638 1387 alia
653 1366 717 1387 esse
740 1366 850 1396 praeter
870 1360 1007 1389 virtutem
1030 1360 1126 1395 bona,
1146 1366 1241 1389 tamen
1261 1359 1418 1395 sapientem
1439 1368 1551 1396 semper
1562 1360 1627 1391 bea-

106 1428 127 1447 „
146 1415 227 1445 tum,
248 1409 331 1438 etiam
350 1408 380 1437 in
394 1409 494 1438 dolore
512 1415 541 1437 et
561 1416 727 1446 paupertate
739 1409 864 1447 putet.’'
903 1412 937 1440 In
953 1412 1076 1440 eamdem
1095 1411 1262 1440 sententiam
1279 1410 1417 1439 Muretus
1432 1411 1470 1440 V.
1491 1411 1528 1441 L.
1546 1411 1625 1443 XIV.

105 1469 154 1490 20.
179 1460 254 1497 (cit.
273 1469 289 1489 a
309 1460 382 1489 Viro
404 1460 453 1489 Cl.
475 1459 516 1490 D.
538 1459 574 1496 J.
595 1470 654 1490 van
674 1461 811 1501 Lennep,
832 1464 863 1491 in
884 1462 966 1491 Diss.
990 1462 1024 1492 de
1045 1463 1112 1492 Fin.
1139 1472 1169 1498 p.
1188 1464 1262 1500 67.)
1305 1483 1323 1498 ‚‚
1344 1461 1489 1497 Cicero,'’
1509 1461 1625 1498 inquit,

107 1531 126 1549 „
147 1511 259 1542 oblitus
281 1517 354 1546 erat,
375 1520 436 1540 non
461 1519 510 1547 se,
539 1512 590 1540 sed
610 1512 743 1542 Pisonem
764 1514 867 1550 loqui,
899 1523 988 1551 quum
1017 1515 1114 1543 eodem
1146 1513 1175 1543 in
1205 1514 1280 1543 libro
1305 1522 1406 1543 versus
1437 1512 1624 1550 Homericos,

104 1583 124 1600 „
145 1563 254 1599 quibus
275 1563 390 1591 Sirenes
413 1563 533 1600 Ulyxem
563 1564 773 1600 alloquuntur,
801 1565 932 1595 Pisonem
963 1565 1020 1595 sibi
1049 1565 1222 1595 tribuentem
1255 1574 1286 1594 ac
1317 1565 1508 1594 vindicantem
1541 1565 1625 1596 facit.
1660 1603 1661 1606 Ἰ

103 1635 122 1650 ,.,
141 1614 212 1643 Non
235 1613 309 1643 enim
335 1613 455 1642 dubium
479 1621 542 1650 est,
564 1615 636 1651 quin
655 1624 706 1645 eos
731 1616 830 1645 Cleero
851 1626 942 1653 suos,
965 1623 997 1646 ut
1014 1624 1113 1653 erant,
1142 1617 1231 1646 videri
1260 1616 1363 1646 voluit.
1374 1615 1394 1628 ''
1433 1616 1551 1655 Quibus
1574 1617 1623 1646 ad-

101 1666 165 1704 jicit
186 1666 250 1703 ipse
269 1675 328 1695 van
352 1665 487 1704 Lcnnep,
521 1666 588 1696 diss.
617 1667 699 1697 laud.
730 1667 800 1699 ibid.
829 1668 1044 1706 Peripateticam
1072 1669 1209 1698 rationem
1241 1668 1373 1697 Ciceroni
1395 1667 1557 1704 placuisse,
1586 1677 1622 1697 ex

101 1725 135 1747 eo
157 1717 240 1746 etiam
266 1725 354 1754 posse
375 1718 494 1754 colligi,
517 1719 598 1754 quod
617 1719 693 1747 illam
719 1719 868 1755 ultimam,
896 1726 923 1748 et
942 1727 1011 1756 post
1035 1727 1142 1749 ceteras
1165 1728 1284 1755 omnes,
1308 1719 1395 1748 nobis
1424 1719 1622 1755 proposuerit.

101 1768 148 1797 Sic
170 1769 247 1805 apud
272 1769 391 1797 Livium
417 1768 564 1798 victricem
597 1771 754 1800 orationem
784 1779 894 1807 semper
924 1772 1114 1808 posteriorem
1140 1773 1234 1809 legas:
1264 1771 1306 1799 sic
1335 1777 1362 1799 et
1382 1771 1459 1807 apud
1483 1769 1620 1800 Ovidium

100 1818 130 1848 in
153 1820 336 1849 contentione
367 1820 470 1856 Ajacis
500 1829 528 1849 ct
556 1822 664 1859 Ulyssis
687 1822 837 1851 invenias:
868 1823 910 1851 sic
935 1831 962 1850 ct
986 1823 1062 1859 apud
1088 1823 1161 1852 alios
1190 1823 1359 1859 scriptores.
1410 1822 1466 1851 His
1496 1822 1620 1858 denique

101 1869 217 1906 pondus
237 1869 353 1906 aliquod
376 1873 502 1908 accedit,
524 1873 549 1901 si
568 1873 773 1909 observemus,
801 1873 964 1903 Ciceronem
989 1883 1048 1903 non
1071 1873 1165 1903 fuisse
1183 1881 1370 1910 contentum,
1391 1874 1430 1903 L.
1447 1873 1499 1902 IV.
1521 1873 1620 1902 Phiio-

100 1920 233 1958 sophiam
250 1920 464 1961 peripateticam
483 1925 524 1956 ita
558 1924 750 1963 explicuisse,
778 1932 810 1954 ut
837 1932 939 1955 contra
965 1925 1199 1964 impugnationes
1227 1925 1349 1956 maxime
1369 1926 1534 1956 Stoicorum
1557 1932 1617 1953 mm

1570 1975 1621 2004 de·
