1913 2427
147 143 193 185 46
398 132 1415 174 FRANGISCIBINKES

152 237 272 268 quarum
291 229 380 267 prima
405 229 434 259 in
455 226 701 258 administratione
724 225 794 261 reip,
814 228 963 256 versatur,
984 221 1070 251 altera
1094 220 1124 250 in
1144 221 1361 251 venditionibus
1377 220 1496 258 aliisque
1512 223 1665 252 contracti.

152 283 229 318 bus,
251 290 309 312 non
331 281 410 317 quod
435 280 531 309 nullae
551 278 621 307 aliae
644 278 794 311 adessent,
821 275 869 303 sed
889 273 956 309 quia
982 272 1012 302 in
1032 273 1122 302 nullis
1147 273 1210 302 aliis
1241 274 1357 302 meliora
1390 274 1511 303 inveniri
1542 280 1665 311 possunt

148 333 278 361 criteria
302 331 363 368 (sit
386 330 467 360 venia
489 329 623 366 verbo),
643 329 678 357 ad
696 335 768 364 quae
790 325 874 354 ceteri
890 330 991 361 casm,
1016 324 1046 354 in
1071 324 1178 361 quibus
1201 326 1345 354 honestum
1369 332 1434 353 cum
1456 325 1521 354 utili
1541 333 1667 362 pugnare

150 383 282 418 videtur,
309 381 459 420 diJudicari
486 381 604 417 possint
624 380 716 416 (10).

189 434 354 469 Antequam
379 439 472 461 tamen
493 432 585 468 ipsam
613 431 718 459 hancce
742 429 920 466 adgrediatur
942 429 1083 458 materiam
1108 429 1225 465 Cicero,
1255 436 1288 458 ut
1311 431 1373 459 sine
1394 430 1455 458 ullo
1481 437 1574 458 errore
1595 429 1669 466 diju-

155 485 245 513 dicari
261 484 374 521 possit,
396 484 421 513 si
439 484 553 519 quando
574 490 640 511 cum
657 481 724 516 illo,
750 481 830 517 quod
843 481 987 508 honestum
1003 479 1188 517 intelligitur,
1210 489 1336 518 pugnare
1359 480 1501 509 videbitur
1520 480 1568 515 id,
1591 480 1670 515 quod

157 535 265 564 dicitur
279 536 370 571 utile,
388 535 540 564 formulam
555 533 710 562 constituit
726 532 875 568 quamdam
888 553 898 567 ‚
916 532 1075 561 Stoicorum
1094 531 1243 561 sententiis
1258 535 1496 566 consentaneam3
1518 539 1590 567 quae
1604 531 1671 559 talis

155 592 226 615 est:
255 586 397 626 quicquid
424 588 567 615 honestum
586 607 596 621 .,
626 584 701 613 idem
727 583 798 612 utile
824 583 941 612 videtur
956 591 968 610 :
995 591 1045 610 nec
1077 583 1149 612 utile
1175 582 1353 621 quidquam,
1383 583 1460 621 qnod
1489 591 1544 610 non
1575 582 1670 610 hones-

157 643 222 665 tum
243 637 342 674 (11).
382 637 428 666 Ex
446 646 503 673 qua
528 631 688 671 sequitur}
701 634 844 663 detrahere
866 633 976 668 aliquid
1000 634 1099 669 alteri,
1123 640 1150 662 et
1170 634 1316 662 hominem
1337 633 1463 662 hominis
1489 633 1673 662 incommodo

159 697 248 717 suum
283 688 469 718 commodum
498 695 618 723 augere,
644 685 735 722 magis
762 690 806 713 est
829 691 929 713 contra
958 691 1106 720 naturam,
1136 693 1222 720 quam
1252 694 1354 721 mors,
1386 695 1470 721 quam
1499 692 1673 722 paupertas,

161 749 248 777 quam
281 742 382 776 dolor,
410 748 494 776 quam
519 745 631 774 cetera,
659 746 731 774 quae
755 743 880 773 possunt
899 742 948 764 aut
974 736 1089 773 corpori
1111 735 1236 764 accidere
1258 740 1306 763 aut
1334 736 1418 764 rebus
1450 737 1591 772 externi53
1621 745 1674 772 pro
1696 739 1697 743 ’

157 792 318 821 multorum
337 799 405 821 vero
428 791 519 820 salute
541 795 570 818 et
594 788 792 818 incolumitate
810 787 921 816 labores
942 792 970 815 et
996 786 1143 815 molestias
1171 787 1338 822 suscipere,
1371 785 1521 815 secundum
1543 792 1675 814 naturam

160 849 226 879 est;
247 842 274 871 si
291 842 366 872 enim
382 842 439 871 hoc
461 849 521 870 non
547 840 616 876 fiat,
637 839 759 869 societas
776 839 926 867 hominum
949 843 977 866 et
995 836 1188 866 communitas
1203 842 1344 866 evertatur
1366 845 1482 866 necesse
1507 843 1550 866 est
1574 837 1671 874 (η).

158 893 263 930 Neque
284 902 353 923 vero
374 893 430 922 hoc
455 892 550 926 solum
569 898 689 927 natura,
713 891 742 919 id
765 896 809 919 est
831 891 893 928 jure
918 889 1046 927 gentium
1072 889 1128 927 (de
1150 897 1209 924 quo
1231 889 1359 917 dicemus
1385 888 1526 925 adjfinem
1551 887 1673 925 hujusce

158 945 287 982 capitis)
311 946 361 974 sed
381 945 463 974 etiam
483 944 594 981 iegibus
610 942 747 971 civilibus
769 941 866 970 eodem
882 941 968 969 modo
990 940 1183 970 constitutum
1201 945 1263 975 est,
1291 945 1323 968 ut
1347 948 1406 969 non
1427 939 1510 968 liceat
1529 939 1574 967 sui
1595 947 1676 967 com-

161 996 241 1025 modi
267 1004 371 1025 caussa
401 995 482 1024 alteri
505 1003 625 1024 nocere:
660 994 716 1022 hoc
745 992 819 1021 enim
845 997 976 1028 spectant
1004 992 1098 1028 leges:
1129 991 1185 1019 hoc
1213 992 1336 1020 volunt:
1364 991 1522 1019 incolumes
1553 997 1614 1018 esse
1634 988 1676 1016 ei-

151 1046 237 1075 vium
270 1047 518 1084 conjunctiones:
549 1055 621 1083 quas
644 1045 696 1083 qui
719 1045 858 1074 dirimunt
874 1065 884 1079 ,
913 1051 962 1072 eos
990 1049 1081 1072 morte
1099 1064 1108 1078 ‚
1138 1042 1261 1077 exsilio,
1288 1042 1414 1071 vinculis
1431 1063 1442 1077 ,
1471 1042 1574 1070 damno
1597 1041 1676 1069 coer-

162 1105 229 1127 cent
245 1099 340 1136 (13).
379 1097 477 1134 Atque
498 1098 552 1127 hoc
571 1098 664 1126 multo
687 1097 776 1134 magis
799 1096 968 1133 exigiteipsa
984 1101 1101 1124 naturae
1124 1095 1215 1130 ratio,
1236 1103 1308 1130 quae
1330 1100 1373 1122 est
1401 1095 1446 1122 lex
1472 1093 1570 1122 divina
1591 1098 1678 1128 atque

163 1148 288 1177 humana
312 1149 407 1185 (14).
446 1148 570 1177 Primum
588 1154 807 1185 argumentum,
833 1148 911 1183 quod
936 1146 1110 1176 dissolvitur
1126 1146 1220 1175 omnis
1241 1146 1365 1174 humana
1387 1144 1554 1179 consortio,
1575 1143 1678 1180 repeti·

159 1205 222 1229 tum
243 1199 369 1230 vidimus
394 1208 428 1230 ex
451 1199 597 1229 societatis
621 1207 730 1230 natura.
770 1199 884 1236 Adjicit
903 1199 1022 1227 alterum
1048 1207 1082 1228 ex
1104 1198 1230 1228 homims
1257 1197 1389 1227 universa
1413 1203 1513 1226 natura
1532 1195 1677 1234 petitum,

1619 1255 1678 1284 quo

188 1351 255 1381 (ιο)
272 1355 354 1379 σιννο,
371 1353 436 1375 Anm.
459 1354 486 1375 T.
500 1354 540 1376 lv.
563 1360 586 1379 p.
600 1358 638 1378 70.

191 1396 204 1419 c
212 1401 235 1417 u
247 1395 260 1422 )
273 1395 307 1416 De
320 1395 365 1422 Off.
382 1395 428 1421 111,
442 1400 471 1421 4,
486 1401 522 1417 20.
552 1393 663 1415 Dissentit
675 1399 748 1415 tumen
762 1393 845 1419 Came,
861 1393 928 1414 Amn.
950 1393 979 1415 T.
993 1392 1032 1414 1v.
1055 1398 1078 1419 p.
1092 1396 1114 1414 ιι
1131 1396 1154 1412 et
1165 1396 1201 1419 4⁴·
1218 1388 1256 1418 qui
1275 1391 1332 1412 hanc
1345 1388 1463 1411 sormulnm
1482 1386 1597 1410 contineri
1611 1391 1677 1415 puta:

165 1436 241 1458 verbis
261 1435 319 1464 Cap.
334 1437 360 1458 V.
377 1436 489 1457 Detrahere
502 1435 583 1462 aliquid
593 1436 657 1456 alten·
668 1441 712 1457 etc.
744 1435 798 1457 ideo
811 1434 984 1461 reprehenditur
997 1434 1024 1455 ab
1039 1434 1160 1460 stauingm
1173 1432 1213 1454 cis.
1230 1438 1242 1453 a
1256 1432 1333 1453 cerula.
1355 1431 1383 1452 ad
1399 1431 1421 1452 Ιι.
1434 1431 1450 1451 Ι.

191 1476 258 1504 (12)
273 1478 318 1498 Cic.
332 1477 374 1504 Off:
391 1477 440 1503 111,
456 1482 477 1501 s.
491 1477 557 1504 sequi
574 1476 666 1498 videtur
682 1481 784 1497 normam
798 1477 911 1496 Stoicorum
925 1475 953 1496 de
967 1473 1088 1496 universali
1103 1474 1219 1496 hominum
1239 1472 1364 1499 societate,
1385 1477 1408 1494 et
1425 1471 1447 1493 in
1462 1477 1488 1493 ea
1505 1470 1541 1496 jus
1555 1474 1600 1493 nat.
1615 1468 1681 1497 posi·

165 1524 212 1540 tum
227 1518 315 1545 egregie
331 1523 417 1540 monet.
445 1521 598 1545 comparetur
611 1519 700 1544 elegans
714 1523 726 1538 e
739 1517 799 1545 libro
813 1518 831 1538 1.
848 1517 871 1537 de
887 1515 972 1544 LegIbus
994 1517 1059 1537 locus
1080 1520 1181 1537 servatus
1200 1521 1212 1537 a
1225 1513 1337 1535 Lactantio
1356 1513 1408 1535 Im.
1430 1513 1480 1535 Div.
1496 1514 1528 1538 V,
1545 1513 1566 1534 8·
1594 1511 1680 1538 fragm.

165 1562 208 1582 cic.
225 1561 262 1582 ed·
274 1561 327 1581 Em·
344 1567 367 1587 p.
384 1564 445 1587 ¹¹90·
477 1561 513 1582 Cf.
529 1560 634 1581 Schmun
644 1575 652 1587 ‚
663 1560 730 1581 Neues
743 1560 830 1586 Syscema
843 1560 897 1579 eines
912 1559 986 1580 Rechn
999 1558 1036 1578 der
1050 1557 1138 1583 Num,
1153 1555 1175 1582 §.
1190 1561 1223 1579 ιο,
1241 1562 1264 1582 p·
1278 1560 1314 1582 49.
1347 1553 1417 1580 HuJ‘us
1430 1553 1488 1580 juris
1499 1552 1619 1575 maximam
1631 1556 1681 1574 etse

167 1601 327 1628 sanctitatem,
341 1601 390 1622 sine
405 1601 488 1622 rubore
501 1607 545 1622 non
563 1601 705 1626 violandam,
723 1605 816 1622 testatur
828 1600 872 1626 Off.
889 1599 936 1625 111,
949 1598 971 1620 6.
1003 1599 1118 1620 Ciceronem
1136 1601 1259 1625 sequuntur
1271 1595 1322 1624 JCti
1337 1595 1432 1617 Romanu:
1463 1593 1523 1616 Hinc
1538 1593 1577 1615 illa
1591 1590 1681 1618 regulus

164 1645 212 1669 jura
224 1647 270 1664 uae.
283 1649 366 1669 aequum
379 1646 422 1668 en,
437 1644 532 1665 neminem
545 1649 589 1663 cum
602 1642 687 1662 alterius
699 1641 817 1662 detrimenta
830 1646 850 1660 u
862 1641 942 1665 injuria
953 1640 1003 1666 fieri
1015 1640 1162 1667 locupletiorem
1171 1653 1179 1665 ,
1194 1637 1220 1659 L.
1231 1637 1280 1660 206·
1295 1636 1321 1663 ffi
1331 1637 1354 1658 de
1365 1637 1417 1663 Rea.
1431 1637 1482 1664 Jur.
1498 1640 1520 1656 et
1533 1640 1576 1655 eum
1588 1635 1643 1655 inm
1650 1639 1684 1653 uae

165 1685 301 1710 cognationem
313 1683 417 1709 quamdam
431 1689 506 1704 natura
521 1684 639 1709 consumit,
654 1689 768 1709 antequem
781 1687 825 1708 est,
840 1682 936 1702 hominem
949 1682 1024 1702 homini
1036 1681 1132 1702 insidiari
1145 1680 1202 1707 rufat
1213 1686 1252 1700 me
1267 1679 1296 1702 L.
1310 1683 1331 1704 3.
1349 1680 1378 1701 D.
1392 1678 1416 1699 do
1428 1678 1489 1706 Just.
1505 1682 1524 1698 η
1537 1677 1590 1704 Jur.
1621 1674 1684 1696 Plura

163 1725 231 1745 haber
247 1725 346 1750 Gratius,
362 1724 388 1752 J.
400 1724 428 1746 B.
441 1729 461 1746 ae
476 1726 504 1746 Ρ.
526 1724 552 1746 L.
566 1725 594 1746 Π.
617 1731 638 1747 c.
655 1729 690 1746 ιο.
713 1724 734 1751 §-
748 1729 769 1745 α.
785 1728 809 1744 et
826 1724 937 1745 Rachoh'us
951 1723 976 1745 lu
988 1728 1030 1745 rm.
1044 1723 1072 1743 ad
1082 1722 1104 1745 Ιι.
1133 1722 1177 1747 Cic.
1189 1722 1204 1742 Ι.
1233 1720 1346 1749 Schulatng.
1362 1719 1415 1746 Nou,
1427 1718 1457 1740 ad
1466 1719 1519 1745 Dig.
1535 1717 1562 1739 T.
1575 1717 1593 1738 1·
1609 1717 1636 1739 P.
1648 1721 1682 1743 ¹9·

171 1765 228 1793 iblq.
242 1766 279 1788 CI.
295 1767 443 1793 Smallenhurg.

198 1807 211 1833 (
221 1808 264 1834 ¹3)
279 1807 359 1828 Recte.
396 1807 465 1833 Leges
480 1806 539 1828 enlm
553 1806 634 1828 civiles
650 1805 734 1828 civium
750 1805 851 1827 actiones
864 1810 944 1831 regunt
960 1806 988 1827 ad
1006 1805 1105 1827 illaesum
1123 1804 1222 1826 omnium
1236 1802 1362 1824 libertatem
1383 1806 1406 1822 et
1422 1799 1489 1822 finem
1511 1798 1625 1825 civitatis,
1646 1797 1682 1823 ju·

168 1853 243 1869 tutum
257 1848 356 1868 omnium
370 1853 396 1869 nc
409 1845 555 1874 singulorum.
572 1848 609 1874 cs.
620 1849 720 1869 Romnum
733 1847 758 1867 du
773 1847 844 1868 θαι-εν.
859 1848 933 1869 Social.
946 1854 973 1874 p.
982 1846 1018 1869 68.
1034 1847 1069 1868 ed.
1078 1847 1146 1868 Amo.
1157 1845 1218 1872 ¹762.
1235 1849 1257 1866 et
1271 1848 1327 1871 qune
1340 1847 1414 1869 nuper
1426 1840 1516 1868 scripsit
1530 1841 1561 1862 11.
1568 1847 1608 1862 van
1621 1841 1683 1862 Som-

166 1888 243 1915 beeck,
259 1889 317 1914 Βίῳ.
334 1889 356 1909 dc
365 1889 470 1915 ιερῶν.
485 1888 565 1911 Introd.
581 1895 603 1910 et
615 1895 637 1910 e.
646 1895 657 1915 3
666 1904 674 1915 ‚
692 1895 748 1915 quae
762 1888 884 1915 praemium
899 1890 1024 1915 reportavit
1037 1887 1060 1909 in
1074 1887 1141 1908 And.
1157 1887 1221 1908 cnm.
1230 1891 1252 1907 et
1261 1884 1321 1907 edita
1334 1889 1369 1905 cst
1381 1884 1404 1905 in
1418 1883 1496 1904 Anu-l.
1509 1883 1572 1903 Gran.
1588 1887 1607 1902 a.
1621 1880 1684 1905 1817.

201 1929 266 1955 (η)
282 1931 317 1951 Est
336 1929 437 1951 definitio
457 1929 603 1955 stoicorum,
621 1930 659 1957 qni
678 1930 719 1951 Det
735 1935 757 1951 et
775 1935 860 1951 narum
879 1929 1008 1952 nominibus
1026 1927 1154 1956 promiscue
1173 1928 1207 1950 usi
1225 1932 1285 1950 sum.
1314 1925 1410 1952 Legata:
1426 1925 1467 1947 luc
1481 1924 1509 1945 de
1526 1928 1551 1944 re
1573 1929 1594 1945 ν.
1608 1920 1683 1943 le·

171 1971 276 1998 Semnan,
296 1972 352 1993 Diu.
372 1971 426 1992 land.
447 1977 470 1998 p.
487 1975 520 1996 ³³·
549 1971 649 1992 Graevius
663 1971 691 1994 nd
702 1972 723 1993 Ιι.
746 1971 788 1999 Offl
805 1972 822 1992 l.
