1913 2427
312 157 353 183 ,12
518 130 1357 177 LIONis‘SALOMOleuw
1403 147 1625 180 PRAAG

314 232 401 260 libere
425 233 525 262 cadens
547 232 641 269 primo
665 233 735 261 min.
762 232 881 261 secund.
907 231 953 259 sui
975 232 1074 267 lapsus
1096 239 1258 266 percurrere
1281 233 1326 268 162!
1349 233 1452 269 pedes,
1472 240 1522 262 aut
1539 243 1590 271 193
1608 234 1730 270 pollices
1748 236 1827 274 (²⁸),

315 284 397 312 nullo
417 291 548 320 respectu
571 284 669 312 habito
697 283 871 312 resiste-ntiae
891 283 924 311 ab
947 290 1008 310 aere
1031 281 1175 317 profectae
1191 303 1200 317 ,
1224 292 1279 318 qua
1303 284 1339 316 ob
1368 285 1471 313 oculos
1494 285 1606 322 habita,
1634 287 1668 315 ad
1686 286 1826 316 fracturas

314 334 480 371 evitandas,
501 344 621 365 numero
644 342 700 374 193
723 334 863 372 pollicum
885 333 1089 363 substituimus
1117 342 1170 370 192
1189 334 1323 372 pollices.
1822 357 1825 360 Α

507 396 510 399 ”
1042 396 1044 398 ’
1773 389 1826 417 At·

351 534 417 571 (*)
437 535 591 564 Newtonus
613 536 642 565 in
663 537 794 573 pomario
823 538 922 566 sedens
953 545 1039 573 poma
1067 543 1100 564 ex
1127 535 1278 564 arboribus
1305 536 1462 566 decidentia
1493 537 1699 573 conspiciebat.
1744 536 1822 565 Haec

317 579 421 615 utique
433 579 462 608 vi
486 580 632 617 gravitatis
654 582 875 617 descendebant,
894 588 1057 610 et-summo
1078 580 1258 617 Philosopho
1283 589 1378 609 ansam
1398 582 1519 616 dabant,
1541 590 1638 610 secum
1663 581 1824 619 disceptan-

316 624 364 659 di,
389 633 424 652 an
451 633 510 655 non
542 624 626 654 Luna
646 627 739 654 elidem
759 627 791 658 vi
811 624 911 672 versus
936 626 1082 659 Tellurem
1106 625 1318 661 detruderetur,
1346 625 1402 654 nisi
1424 626 1478 654 alia
1501 626 1530 653 vi
1552 626 1582 654 in
1601 627 1652 654 sua
1669 625 1762 654 orbita
1784 633 1827 653 re-

314 667 462 696 tineretur.
501 668 602 697 Lunae
618 670 751 699 distantia
766 680 781 700 a
797 671 931 708 Tellure,
954 678 1028 709 quae
1048 674 1091 697 est
1109 668 1167 708 fere
1182 670 1219 698 60
1240 670 1514 699 semidianietrorum
1540 670 1685 705 Telluris,
1707 677 1735 698 et
1754 676 1824 698 tem-

313 720 370 747 pus
394 713 590 749 periodicum‚
620 723 679 750 quo
697 715 833 751 integram
858 715 887 743 in
904 715 955 751 sua
974 711 1073 750 'orbita
1088 714 1296 743 revolutionem
1313 715 1388 743 circa
1408 720 1508 743 terram
1527 715 1673 749 absolvit,
1694 714 1750 750 ipsi
1764 713 1822 751 jam

314 763 393 784 erant
411 757 546 793 cognita,
576 765 661 794 atque
682 759 749 788 hinc
768 761 896 788 assumta
911 757 1073 796 hypothesi
1099 759 1313 794 gravitationem
1331 759 1442 787 ‘Lunae
1464 760 1494 788 in
1523 758 1667 787 Tellurem
1693 758 1825 787 deterrui-¹

313 801 410 836 navit,
440 807 467 829 et
491 801 644 831 Theoriam
672 805 882 841 gravitarionis
908 803 1087 834 *universalis
1118 802 1265 840 ingeniose
1295 803 1435 833 condidit.
1465 818 1504 826 —
1531 801 1669 838 Sequenti
1698 802 1823 839 simplici

314 844 465 874 ratiocinio
488 848 601 875 eandem
620 847 773 877 Theoi-iam
791 849 985 877 confirmatam
1001 849 1147 878 videmus:
1167 848 1315 877 Percurrat
1335 847 1437 882 Luna,
1459 847 1487 876 in
1507 847 1634 876 Tabulae
1650 847 1716 876 huie
1731 847 1822 876 Com-

313 890 481 919 mentationi
503 891 625 927 adjectae
642 892 705 929 Fig.
729 901 751 921 2⁴
773 894 852 922 litera
871 893 898 921 L
922 893 1087 930 designata,
1115 893 1351 929 temporeunius
1376 892 1446 920 min.
1472 892 1590 920 secund.
1622 898 1729 928 partem
1753 899 1823 920 suae

312 934 438 969 orbitae,
460 934 532 963 inter
553 935 649 965 literas
672 937 698 965 L
722 944 749 966 et
769 938 794 966 C
820 937 1072 973 comprehensarn3
1095 946 1168 974 quae
1189 946 1274 974 pars,
1303 936 1419 973 cognita
1446 936 1545 965 Lunae
1565 936 1700 965 distantia
1720 945 1735 964 a
1757 935 1827 967 Te1-,

311 979 392 1014 Iure,
415 985 441 1006 et
465 985 592 1014 tempore
608 976 756 1016 periodico
780 981 948 1013 iurationes
965 983 1113 1018 adhibito,
1134 981 1217 1010 facile
1236 980 1361 1009 numeris
1382 980 1560 1016 exprimitur.
1601 980 1686 1009 Tunc
1702 981 1824 1018 descen--

311 1023 353 1052 dit
374 1031 475 1063 versus
503 1023 648 1052 Tellurem
673 1025 702 1054 vi
729 1026 876 1062 gravitatis
899 1021 950 1062 per
971 1027 1094 1063 spatium
1115 1021 1170 1055 EC
1190 1035 1226 1053 =
1245 1026 1314 1054 LD.
1356 1025 1422 1052 Hoc
1451 1032 1518 1053 vero
1543 1030 1585 1052 est
1612 1026 1729 1060 aequale
1755 1025 1827 1061 qua-⁶

310 1068 392 1096 drato
415 1076 500 1096 arcus
521 1067 574 1096 LC
600 1069 693 1098 diviso
712 1078 764 1106 per
782 1070 925 1107 duplicem
947 1070 1110 1110 distantiam
1129 1071 1196 1107 LF,
1219 1070 1279 1100 sive
1301 1077 1354 1106 per
1370 1069 1548 1109 Diametrum
1569 1069 1619 1099 LD
1640 1069 1748 1115 orbitae
1763 1070 1824 1098 Lu-

311 1112 386 1140 naris
409 1111 533 1148 ALCB3
557 1111 587 1140 id
604 1114 648 1141 est
1741 1129 1744 1132 ⁴
1821 1116 1825 1120 ’

825 1152 1180 1215 ωκπ-Ε

899 1209 934 1216 *⁵
954 1213 1031 1241 2LT
1049 1211 1085 1216 -
1117 1214 1167 1241 LB

310 1255 441 1289 sequenti
464 1254 555 1292 igitur
575 1255 661 1283 modo
680 1253 734 1283 LD
765 1261 959 1291 computatur.
999 1257 1094 1285 Arcus
1116 1257 1198 1296 LC,
1227 1265 1311 1292 quem
1337 1256 1473 1285 describit
1494 1254 1580 1284 Luna
1606 1260 1689 1284 motu
1708 1254 1823 1291 medio,

310 1303 438 1336 tempore
459 1302 512 1335 1⁴',
533 1307 577 1336 est
594 1301 686 1336 30823
705 1299 817 1335 Hexap.
864 1299 1040 1337 Quadratum
1061 1301 1149 1337 hujus
1172 1301 1282 1329 numeri
1302 1307 1345 1328 est
1362 1301 1555 1337 9501806253
1662 1305 1664 1307 ’

481 1345 562 1379 quod
578 1345 744 1380 quadratum
767 1343 892 1372 divisum
910 1353 960 1380 per
980 1345 1159 1374 Diametrum
1181 1345 1290 1374 orbitae
1308 1355 1344 1372 Ξ
1364 1346 1536 1382 385895490
1554 1354 1560 1357 ⁴

479 1382 749 1424 exhibet'quotiens
774 1387 885 1424 Hexap.
909 1389 990 1418 Gall.
1021 1427 1025 1430 ι
1470 1388 1552 1424 2,46.

481 1456 510 1484 id
533 1463 576 1485 est
595 1433 766 1516 Ξ-ἒέἐέἓῑζέ
788 1465 829 1489 ,Ξ
852 1464 870 1485 2
891 1434 946 1510 fg}
973 1456 1085 1494 Hexap.
1110 1458 1248 1495 (toises)
1282 1457 1348 1486 Sive

310 1531 342 1561 14
361 1524 427 1560 ped.
455 1533 470 1559 9
491 1524 564 1559 poll.
591 1523 690 1561 rg'lin.
713 1524 816 1553 veteris
853 1533 998 1559 mensurae
1027 1525 1175 1562 Gallicae,
1203 1527 1332 1562 adeoque
1359 1525 1416 1553 fere
1447 1532 1482 1560 15
1502 1524 1568 1560 ped.
1590 1542 1629 1547 -
1657 1525 1741 1554 Luna
1765 1525 1824 1562 igi«

304 1574 353 1596 tur
374 1569 403 1596 in
432 1571 493 1596 sual>
516 1568 608 1596 orbita
638 1568 821 1604 progrediens
845 1569 991 1599 descendit
1013 1579 1114 1599 versus
1133 1571 1277 1599 Tellurem
1294 1591 1304 1605 ‚
1330 1577 1457 1605 ternpore
1488 1569 1520 1597 1“
1541 1577 1592 1605 per
1615 1570 1738 1606 spatium
1760 1569 1820 1598 fere

311 1621 344 1648 15
368 1613 434 1648 ped.
476 1613 539 1641 I‘loc
563 1620 630 1641 vero
658 1612 730 1643 idem
755 1611 812 1642 fere
841 1622 884 1642 est
909 1615 1035 1650 spatium
1052 1636 1062 1650 ,
1089 1616 1168 1651 quod
1192 1623 1300 1652 corpus
1327 1615 1413 1642 libere
1441 1614 1544 1643 cadens
1573 1623 1665 1650 prope
1688 1614 1818 1643 Telluris

310 1657 485 1692 superficiem
511 1664 638 1692 tempore
662 1658 694 1686 r“
720 1656 784 1685 inde
811 1658 846 1685 ab
874 1658 958 1687 initio
985 1659 1086 1695 lapsus
1110 1660 1246 1688 absolvit.
1287 1659 1407 1695 Corpus
1426 1665 1539 1693 autern,
1569 1659 1647 1694 quod
1673 1658 1748 1695 cadit
1773 1666 1817 1686 ea-

308 1701 368 1728 dem
392 1700 440 1736 vi,
462 1710 550 1737 prope
571 1701 699 1731 Telluris
723 1702 903 1737 superficiem
921 1703 1007 1731 libere
1025 1712 1109 1732 ruens
1128 1712 1178 1740 per
1205 1705 1253 1737 1'',
1283 1703 1405 1739 spatium
1429 1704 1466 1731 60
1482 1705 1515 1737 Χ
1532 1704 1588 1737 60,
1616 1702 1678 1732 sive
1699 1703 1818 1738 36ooe·‚

309 1745 398 1781 majus
421 1745 598 1781 absolveret,
621 1745 755 1780 quoniam
777 1747 867 1782 spatia
889 1755 904 1774 a
926 1755 1048 1784 corpore
1069 1747 1154 1776 libere
1177 1748 1292 1776 cadente
1310 1755 1443 1783 percursa
1470 1747 1534 1776 inde
1557 1747 1591 1775 ab
1616 1746 1698 1776 initio
1721 1748 1819 1783 lapsus

308 1795 376 1816 sunt
399 1796 432 1817 ut
453 1790 585 1825 quadrata
605 1797 785 1826 temporum,
807 1798 834 1819 et
855 1791 989 1826 quoniam
1013 1793 1050 1820 60
1074 1791 1144 1820 min.
1167 1800 1225 1820 sec.
1255 1800 1345 1820 unum
1368 1791 1510 1820 minutum
1534 1791 1658 1828 primurn
1680 1791 1817 1820 efficiunt.

308 1832 353 1859 Ad
380 1833 540 1861 distantiam
571 1833 682 1871 igitur,
708 1831 748 1863 ais
775 1843 859 1871 quam
890 1836 974 1865 Luna
997 1845 1012 1865 a
1040 1835 1155 1865 Tellure
1184 1843 1290 1866 remota
1316 1842 1385 1871 est,
1413 1845 1535 1873 corpora
1557 1837 1594 1864 60
1614 1837 1647 1869 ><
1671 1837 1727 1871 60,
1756 1835 1818 1864 sive

310 1876 423 1911 36000³‚
445 1878 538 1907 miuus
559 1879 684 1907 celeriter
705 1880 827 1914 cadunt,
857 1888 975 1917 propter
998 1881 1054 1910 vim
1081 1881 1227 1917 gravitatis
1251 1881 1289 1909 ibi
1317 1881 1507 1909 imminutam.
1555 1881 1660 1909 Verum
1683 1880 1768 1908 Luna
1784 1879 1816 1909 -L

309 1919 390 1948 etiam
417 1923 474 1948 60⁶¹
500 1923 615 1959 longius
633 1932 648 1951 a
669 1923 796 1953 Telluris
819 1932 918 1955 centro
942 1925 969 1953 T
994 1933 1035 1954 est
1056 1932 1180 1961 remota,
1210 1934 1295 1962 quam
1317 1926 1378 1961 ipsa
1400 1925 1528 1954 Telluris
1550 1925 1717 1960 superficies
1739 1925 1758 1953 S
1780 1924 1815 1952 ab

310 1964 406 1994 eodem
429 1972 538 1999 centro.
579 1967 755 2005 Quadratum
779 1977 873 2000 autem
888 1970 968 2001 illius
989 1970 1100 2000 numeri
1123 1972 1161 2000 60
1180 1977 1223 2000 est
1245 1971 1282 1999 60
1305 1971 1338 2005 ><
1361 1970 1417 2006 60,
1440 1970 1501 1999 sive
1528 1971 1613 2007 3600.
1652 1970 1700 1999 Ad
1710 1968 1817 2017 dist-ane

1747 2017 1816 2042 tran
