1913 2427
441 166 959 214 ‘DIS'SERTATIO
1024 176 1380 213 JURIDIC‘A.
1642 179 1689 217 23

167 266 174 270 “
196 259 386 309 '‘Cum-multi
409 270 484 306 sint,
515 269 566 305 qui
590 268 763 298 arbitrentur
786 274 830 295 res
858 267 974 296 bellicas
1008 269 1128 305 majores
1149 267 1266 297 urbanis
1290 276 1368 303 esse,
1398 269 1583 298 minuendam
1606 271 1682 301 lianc

164 325 328 362 opinionem
354 328 451 351 censet
479 321 578 350 Cicero
602 323 686 358 (40)
737 319 849 347 Multae
871 315 944 348 enim
973 328 1017 348 res
1051 319 1223 357 exstiterunt
1258 320 1382 349 urbanae
1415 321 1536 356 majores
1576 323 1680 352 clario·

160 384 264 412 resque
286 374 417 403 bellicis:
440 373 520 410 parvi
544 382 612 402 vero
635 378 704 414 sunt
725 370 796 399 foris
817 379 909 407 arma,
938 371 996 400 nisi
1023 372 1062 400 sit
1092 371 1249 401 consilium
1279 373 1373 400 domi:
1404 373 1474 401 satis
1505 373 1560 401 hoc
1594 374 1678 403 docet

160 427 284 457 historia
307 426 488 455 Graecorum
509 432 536 454 et
559 424 774 456 Romanorum„
800 423 870 451 satis
891 424 947 452 hoc
969 423 1095 452 illustrat
1119 424 1212 460 ipsius
1239 424 1330 459 Tasta·
1353 425 1514 460 exemplum
1541 426 1636 463 (41).

197 478 354 507 Honestum
379 477 452 506 illud
469 478 535 512 ‚-de
556 484 616 512 quo
635 475 680 504 hic
707 474 816 511 agitur,
839 475 945 510 animi,
973 483 1032 503 non
1051 475 1201 511 corporis,
1227 475 1339 504 viribus
1359 475 1429 504 effici
1444 497 1453 511 ‚
1477 483 1505 504 et
1527 483 1620 505 totum
1647 477 1678 506 in

157 530 246 560 animi
268 538 336 558 cura
357 537 420 558 esse
437 528 564 565 positum
583 534 611 556 et
631 526 831 564 cogitatione„
849 527 951 561 docem,
973 527 1157 555 exercendum
1179 533 1272 555 tamen
1289 536 1414 564 corpus,
1440 534 1467 556 et
1492 528 1529 556 ita
1545 537 1606 557 esse
1623 529 1680 557 ciffi·-

155 581 310 616 ciendum,
333 587 366 609 ut
388 580 504 609 obedire
525 578 651 609 consilio
675 578 836 614 rationique
857 578 954 614 possit
979 578 1009 606 in
1033 578 1221 613 exsequendis
1246 578 1388 615 negotiis,
1410 585 1437 607 et
1459 579 1488 607 in
1511 580 1607 608 labore
1630 587 1677 608 to-

155 633 288 662 lerando:
311 632 493 668 expetendam
512 631 611 667 potius
633 630 749 658 illorum
773 638 836 658 esse
855 630 981 664 laudem,
1004 629 1054 664 qui
1079 629 1187 658 ratione
1208 630 1378 665 decernunt,
1401 638 1488 665 quam
1515 631 1563 666 qui
1588 639 1674 660 manu

153 689 282 720 certant3
306 684 331 712 si
353 692 420 712 vero
446 683 556 711 utilitas
577 682 633 709 hoc
657 681 752 717 exigat
761 702 777 717 ,,
792 680 899 709 bellum
921 688 980 709 non
1001 688 1063 709 esse
1088 679 1278 716 fugiendum,
1300 681 1349 709 sed
1371 681 1409 708 ita
1437 681 1673 718 suscipientium,

153 741 192 764 ut
209 735 284 763 nihil
306 734 405 769 aliud,
429 733 485 761 nisi
504 741 561 768 pax
584 731 711 767 quaesita
735 731 875 759 videatur.
917 730 1019 758 Tradit
1041 732 1141 759 deinde
1164 738 1311 767 praecepta
1341 733 1498 767 quaedam,
1528 734 1676 768 quomodo

153 786 200 816 vir
218 785 304 814 fortis
326 793 388 813 sese
410 784 440 813 in
462 783 547 812 bellis
571 790 664 819 gerere
684 782 802 818 debeat3
833 782 941 810 veluti:
971 790 1030 810 non
1056 783 1216 818 perturbari
1246 783 1330 811 rebus
1355 783 1483 819 asperi53
1514 784 1674 820 praecipere

152 836 331 873 cogitatione
353 834 469 870 futura,
489 843 549 863 non
569 840 672 862 temere
687 834 716 862 in
737 834 797 862 acie
820 833 926 862 versari
937 854 946 868 ⁷
960 834 1038 869 sed,
1055 842 1120 862 cum
1137 840 1252 870 tempus
1269 834 1483 869 necessitasque
1499 834 1554 863 hoc
1570 841 1676 870 postu-

155 888 238 923 lant,
268 894 355 924 manu
375 886 533 920 decertare,
563 885 594 913 in
615 885 692 914 bello
717 891 745 913 et
768 884 921 921 eripiendis
949 884 1028 912 hosti
1059 885 1199 920 urbibus,
1227 885 1317 914 vitare
1344 886 1558 921 crudelitatem,
1587 892 1614 914 et
1637 885 1676 914 si-

151 937 241 968 milia,
280 937 355 966 Mox
374 943 402 966 et
422 937 489 966 illos
510 936 707 973 reprehendit,
729 936 798 972 qui,
819 935 911 964 famae
936 935 1056 965 nimium
1080 936 1253 973 largientes,
1269 946 1374 974 magno
1397 945 1488 974 remp.
1507 937 1669 967 incommo-

150 990 189 1019 do
212 989 319 1018 afficere
341 997 401 1018 non
420 988 565 1017 dubitant.
586 987 645 1024 (Ι,
668 988 741 1025 24.)

157 1041 160 1044 '
188 1041 318 1070 Omnino
340 1047 433 1069 autem
457 1040 513 1074 iis,
536 1039 587 1075 qui
605 1039 729 1075 reipubl.
745 1046 902 1076 praesunt,
923 1040 981 1068 duo
1003 1039 1136 1069 Platonis
1157 1047 1307 1076 praecepta
1332 1040 1452 1069 tenenda
1476 1047 1539 1069 esse
1560 1045 1672 1070 monet.

149 1089 245 1122 Primo
257 1113 267 1128 ‚
288 1098 321 1120 ut
340 1092 491 1120 utilitatem
514 1090 623 1119 civium
641 1096 815 1127 anteponant
829 1091 889 1119 suis
904 1091 1081 1127 commodis;
1105 1098 1138 1121 ut
1152 1091 1227 1121 enim
1247 1091 1428 1129 gubernatori
1443 1100 1546 1121 cursus
1569 1100 1674 1121 secun·

149 1144 223 1181 dus,
238 1144 348 1173 medico
365 1143 463 1178 salus,
483 1142 650 1178 Imperatori
664 1142 801 1177 victoria,
821 1143 868 1171 vsic
883 1144 1052 1172 moderatori
1067 1144 1206 1181 Reipubl.
1224 1146 1305 1174 beata
1318 1145 1519 1181 civiumvita',
1534 1146 1673 1182 pr'oposb

150 1201 180 1224 ta
193 1202 255 1231 est3
279 1201 310 1224 ut
326 1195 432 1231 opibus
453 1194 552 1230 firma,
574 1193 669 1231 copiis
688 1194 882 1231 locuples‚·g
866 1193 960 1222 ⁰·101ia
971 1195 1083 1231 ampla,
1110 1196 1217 1225 virtute
1236 1196 1357 1226 honesta
1375 1197 1413 1225 sit
1434 1197 1539 1235 (42);
1569 1198 1672 1226 deinde

147 1245 181 1275 ut
206 1248 299 1276 totum
325 1255 434 1283 corpus
457 1247 526 1283 reip.
541 1253 662 1282 curent,
683 1254 738 1282 ne,
761 1247 827 1275 dum
851 1251 958 1282 partem
982 1247 1106 1282 aliquam
1132 1250 1269 1283 tuentur,
1290 1248 1414 1283 reliquas
1429 1250 1575 1284 deserant3
1599 1249 1672 1284 quia‘

145 1279 195 1326 glan
218 1299 304 1327 modo
329 1302 384 1327 rem
410 1298 684 1334 perniciosissimam
709 1298 738 1326 in
757 1297 901 1326 civitatem
926 1297 1086 1333 inducunt,
1108 1298 1264 1326 seditiones
1284 1306 1371 1334 atque
1393 1300 1589 1335 discordiam3
1613 1305 1673 1328 ενα·

144 1338 271 1387 dantque
297 1360 328 1380 se
351 1358 432 1379 totos
459 1351 582 1386 reipubl.
592 1370 602 1384 ‚
627 1359 721 1385 neque
737 1359 807 1385 opes
826 1357 912 1385 atque
934 1349 1091 1385 potentiam
1113 1355 1325 1377 consectentur.
1373 1349 1436 1378 Nec
1455 1359 1522 1379 vero
1540 1351 1668 1379 crimini-

143 1403 200 1433 bus
222 1401 305 1430 falsis
331 1402 360 1429 in
386 1401 483 1429 odium
508 1407 594 1436 atque
618 1400 754 1429 invidiam
782 1408 957 1436 quemquam
984 1405 1109 1427 vocent:
1139 1399 1317 1434 omninoque
1347 1400 1386 1428 ita
1409 1400 1536 1442 justitiae
1561 1401 1670 1430 hones·

144 1452 255 1487 fatique
274 1452 492 1486 adliaerescant‚
521 1458 574 1486 ut,
603 1452 670 1480 dum
697 1460 728 1479 ea
754 1457 889 1485 tuentur,
921 1450 1053 1485 quamvis
1074 1449 1197 1488 graviter
1220 1449 1385 1486 offendant,
1408 1447 1527 1480 mortem
1547 1447 1666 1488 quoque

142 1509 279 1553 appetant
302 1506 404 1540 potius
433 1511 517 1538 quam
544 1503 593 1531 illa
616 1504 757 1533 deserant.
785 1517 820 1523 —
848 1502 923 1531 Dein
947 1501 1020 1530 dicit
1041 1501 1228 1530 miserrimam
1248 1502 1367 1530 omnino
1389 1511 1452 1531 esse
1474 1503 1664 1533 ambitionem

140 1554 346 1591 hbnorumque
364 1555 597 1591 contentionemg,
619 1563 670 1584 nec
689 1563 739 1584 cos
756 1563 817 1583 esse
843 1553 1017 1588 audiendos,
1040 1552 1090 1588 qui
1109 1552 1230 1589 graviter
1253 1552 1432 1582 irascendum
1457 1554 1584 1583 inimicis
1605 1564 1665 1591 pu·

141 1615 220 1644 tenu
249 1608 322 1637 nihil
347 1608 420 1638 enim
446 1608 639 1643 laudabilius,
661 1608 733 1637 nihil
758 1607 849 1644 magis
870 1606 987 1643 dignum
1014 1613 1116 1641 magno
1140 1610 1167 1632 et
1188 1603 1333 1639 praeclaro
1358 1604 1438 1640 viro,
1465 1606 1661 1641 placabilitate

139 1665 227 1695 atque
247 1659 407 1689 clementia.
457 1659 576 1688 Omnem
606 1667 727 1695 poenam
754 1659 929 1688 contumelia
950 1664 1048 1687 vacare
1071 1656 1190 1690 debere,
1219 1663 1312 1691 neque
1332 1657 1368 1684 ad
1393 1658 1476 1695 ejus,
1503 1656 1553 1700 qui
1574 1657 1661 1694 puni-

1596 1717 1664 1746 tur,

162 1789 230 1824 (40)
245 1793 363 1821 calcagnin.
385 1794 449 1820 nisq.
463 1794 499 1816 IX.
522 1801 546 1821 p.
559 1799 610 1820 225.
626 1795 771 1822 reprehendit
782 1795 913 1820 Ciceronum,
929 1798 1032 1820 tanquam
1046 1792 1198 1819 improbasset
1218 1798 1253 1815 res
1267 1792 1368 1815 bellicas.
1400 1793 1442 1815 sed
1457 1794 1528 1815 Cicero
1547 1793 1586 1815 hic
1607 1799 1660 1826 non„

136 1842 180 1865 pro
193 1839 246 1859 sals·
261 1835 336 1860 rejicit
351 1835 413 1856 istam
429 1835 576 1862 opinionem,
592 1837 692 1858 minuere
706 1842 792 1858 tantum
805 1841 898 1858 coimus
917 1840 966 1861 est,
981 1840 1004 1856 et
1019 1835 1139 1856 ostendere
1159 1840 1218 1856 arma
1238 1832 1286 1856 sine
1301 1833 1398 1856 consilio
1415 1834 1473 1856 nihil
1489 1837 1575 1858 valere.
1602 1835 1659 1862 Ipse

135 1879 196 1901 enim
210 1884 256 1900 rem
270 1877 388 1898 militarem
403 1879 544 1899 commendat
560 1877 616 1905 (Or.
630 1882 670 1906 pn
685 1880 744 1900 Mur.
762 1877 800 1905 9.)

163 1919 229 1948 (μ)
245 1918 267 1940 ln
282 1918 455 1945 conjurnlone,
469 1925 502 1941 sc.
519 1919 659 1946 Catilinarum,
675 1926 742 1947 qnam
757 1919 831 1941 innuit
846 1925 867 1942 σ.
882 1921 909 1940 22
922 1923 979 1940 extr.
1009 1918 1044 1939 De
1061 1918 1165 1939 versibus
1177 1916 1211 1939 lbi
1231 1917 1305 1938 citatis
1323 1917 1370 1939 vid.
1388 1917 1430 1938 Cic.
1449 1916 1470 1938 in
1491 1917 1598 1943 Pirenam,
1617 1922 1653 1943 30.

135 1967 158 1984 et
173 1961 286 1982 mildace-n
302 1959 366 1980 Lmn
381 1965 422 1981 ran
437 1961 505 1981 crena
522 1961 548 1983 Τ.
562 1962 612 1989 ΠΙ,
627 1968 650 1989 p.
665 1962 713 1988 ³⁵3·
741 1962 766 1983 ln
778 1960 823 1983 illis
836 1961 884 1982 siue
897 1960 968 1983 dublo
980 1960 1063 1987 linguae
1077 1964 1119 1987 pro
1140 1958 1196 1980 laudi
1208 1957 1337 1985 legendum.
1369 1958 1422 1980 Vld.
1438 1958 1546 1980 Garnhnrd
1558 1959 1586 1979 ad
1598 1958 1619 1980 l1.
1632 1959 1654 1992 Ι.Ἴ

163 2001 228 2030 (4⁵)
245 2002 289 2024 cle.
303 2001 331 2022 ad
345 2001 396 2022 Aet.
414 2001 480 2028 vm,
498 2006 532 2024 u.
