1913 2427
506 123 983 160 DISSERTATIO
1047 119 1321 157 MEDICA‘.
1624 122 1665 167 ιζ)

192 216 256 246 Nec
278 214 370 244 ullius
399 212 508 242 Medici
531 212 719 247 observatio,
747 217 775 240 et
799 219 833 239 ex
854 210 906 239 hac
934 218 998 239 orta
1024 208 1220 246 experientia,
1247 208 1286 237 ita
1315 208 1411 245 augeri
1441 213 1536 243 potest
1553 214 1591 240 ‚et
1617 208 1661 237 in-

151 277 296 304 crescere,
326 274 358 296 ut
381 266 510 295 omnium
541 267 588 294 vel
617 265 819 302 plerorumque
847 263 1012 291 morborum
1043 260 1201 296 notitiam,
1228 268 1262 289 ex
1285 260 1349 288 solo
1371 267 1509 288 sensuum
1532 258 1662 289 testimo-

147 322 215 356 nio,
241 319 298 348 sibi
317 319 462 355 acquirere
486 316 598 354 possit3
622 324 673 345 nee
693 315 753 344 cito
777 314 846 343 adeo
866 312 1040 350 experientia
1061 312 1102 340 ita
1117 317 1201 348 auget
1224 311 1393 346 scientiam,
1422 319 1494 347 quae
1518 311 1655 347 temporis

149 369 232 406 quasi
253 376 297 398 est
320 369 398 404 filia,
428 376 513 405 quam
537 367 652 404 quidem
676 372 822 403 oporteret
837 386 847 401 ‚
876 371 909 393 ut
932 363 1016 394 firmo
1037 364 1110 401 pede
1137 362 1169 392 in
1193 362 1341 392 curatione
1370 362 1536 392 morborum
1562 353 1663 399 proce?

147 421 212 451 dere
231 427 332 457 posset
353 420 514 449 Praeticus.
1120 446 1123 449 ,

185 494 205 508 „
224 473 355 501 Nimium
379 472 453 500 enim
475 472 562 508 longa
583 479 648 506 ars,
668 468 824 504 brevisque
848 468 907 497 vita
929 475 990 504 est,
1013 476 1096 504 quam
1123 474 1155 496 ut
1178 467 1223 496 vel
1245 465 1366 495 maxime
1386 465 1526 503 longaevo
1547 466 1666 502 propria*

146 544 166 561 „
185 524 308 553 sufficiat
328 523 514 559 observatio;
537 522 722 558 requiruntur
746 519 844 555 itaque
865 519 986 548 aliorum
1017 518 1207 555 plurimorum
1235 517 1450 546 observationes
1474 523 1502 545 et
1521 517 1554 545 de
1577 517 1662 546 rebus

149 595 168 610 ,‚
188 574 244 603 sibi
261 573 421 603 observatis
443 573 626 608 testimonia,
646 579 732 609 atque
752 570 949 602 observationi
965 571 1099 608 propriae
1122 568 1244 598 historia
1275 576 1394 604 quoque
1417 568 1523 598 alienae
1545 568 1662 606 adJ'ungi

150 646 170 663 „
190 625 272 655 debet
291 625 366 662 (5).
376 624 395 637 ''

185 677 276 706 Nulla
293 685 360 714 ergo
383 676 437 705 alia
457 675 567 704 ratione
589 674 677 704 citius
706 681 818 703 omnem
848 673 921 702 hanc
946 672 1002 703 sibi
1024 672 1157 709 acquiret
1183 672 1331 702 scientiam
1361 672 1517 707 Medicus,
1545 671 1603 700 nisi
1623 678 1665 700 at-

146 735 225 758 tenta
251 735 280 757 et
303 727 444 757 indefessa
468 727 594 756 lectione
617 726 756 761 illorum,
783 734 855 761 quae
879 725 1041 762 posteritati
1071 725 1249 761 reliquerunt
1276 723 1491 760 Antiquiores‚
1521 723 1665 759 hodieque

148 779 302 808 nobiscum
334 778 551 808 communicant
579 777 750 808 recentiores
774 778 805 806 in
830 785 888 806 arte
910 776 1050 814 magistri.
1090 775 1134 805 Ita
1153 775 1247 811 enim,
1268 774 1312 804 uti
1333 781 1409 803 recte
1430 774 1503 803 dixit
1523 774 1667 803 Zlmmer-

146 840 270 860 mannus
292 831 377 869 (6):
407 851 425 865 „
445 829 588 866 legendo,
616 836 668 864 per
687 837 796 864 paucos
825 837 916 857 annos
938 827 1112 857 addiscimus
1134 834 1220 855 omne
1240 825 1288 862 id,
1318 826 1398 861 quod
1429 826 1496 854 inde
1526 834 1541 854 a
1570 833 1664 853 rerum

150 903 169 919 ‚‚
190 883 281 912 initiis
300 883 387 920 longa
411 881 647 910 observationum
668 880 741 909 serie
760 880 907 908 veteribus
930 879 1069 909 innotuit.
1111 877 1181 907 Uno
1209 877 1256 907 die
1285 877 1395 906 detecta
1429 876 1618 913 intelligimus
1640 882 1667 904 et

149 954 169 971 „
189 934 322 970 inventa,
344 934 374 963 in
397 933 506 970 quibus
529 931 615 969 primi
639 933 806 961 Inventores
827 939 879 967 per
901 931 998 967 plures
1026 930 1235 959 insudaverunt
1255 937 1359 958 annos.
1399 928 1519 966 Ingenio
1539 929 1605 958 licet
1625 931 1669 958 in-

151 1005 171 1022 „
191 992 321 1015 structus
344 990 420 1014 esset
436 984 585 1013 Praeticus
608 983 781 1012 acutissimo
797 1003 808 1018 ,
836 989 930 1011 tamen
958 990 1058 1010 rursus
1090 989 1189 1010 omnes
1216 980 1407 1009 committeret
1435 988 1563 1015 errores,
1592 989 1668 1016 quos

150 1056 171 1073 ‚‚
189 1043 324 1072 vetereS‚
351 1042 504 1072 antequam
530 1036 680 1072 parvulam
708 1035 786 1064 illam
812 1035 941 1064 veritatis
971 1034 1094 1063 eruisset
1118 1033 1288 1070 particulam
1303 1054 1314 1071 ,
1345 1042 1437 1070 quae,
1466 1034 1546 1063 velut
1566 1042 1666 1063 aurum

151 1107 172 1124 „
190 1088 300 1117 nostris
321 1088 352 1116 in
372 1087 559 1124 fluminibus,
580 1087 690 1125 ingenti
713 1095 811 1116 arenae
832 1086 918 1123 copIa
938 1092 1012 1115 tecta
1032 1084 1145 1123 jacet.‘’

188 1139 331 1168 Memoria
349 1147 417 1176 ergo
441 1139 577 1175 illorum,
605 1147 679 1176 quae
707 1139 741 1168 ab
762 1138 827 1167 aliis
848 1138 1000 1168 observata
1020 1144 1110 1173 sunt,
1133 1145 1220 1173 quam
1246 1145 1365 1174 magnae
1388 1136 1522 1166 utilitatis
1545 1137 1670 1166 credide-

150 1197 221 1220 runt
241 1191 300 1220 veri
324 1191 468 1228 Empirici
488 1192 523 1220 ad
552 1192 695 1221 curandos
717 1191 856 1227 morbos,
884 1191 1004 1220 alterum
1031 1189 1243 1219 Indicationum
1275 1188 1422 1217 doctrinae
1450 1188 1668 1218 fundamentum

147 1249 206 1272 est.
244 1243 291 1272 Ex
309 1243 571 1273 communicatione
599 1244 674 1273 enim
707 1243 807 1272 harum
833 1241 1071 1271 observationum
1087 1260 1098 1276 ‚
1127 1239 1233 1275 quidve
1260 1238 1334 1275 ipsis
1364 1238 1471 1267 dictare
1501 1238 1672 1268 crediderint

150 1299 280 1329 veteres,
301 1300 328 1322 et
345 1299 400 1323 nos
422 1295 560 1324 certiores
584 1294 732 1324 evadimus
756 1294 790 1323 de
809 1302 866 1329 eo,
892 1293 973 1329 quod
992 1292 1023 1321 in
1045 1290 1250 1321 consimilibus
1278 1289 1395 1319 casibus
1416 1289 1503 1318 nobis
1525 1290 1564 1318 sit
1586 1298 1670 1327 agen-

153 1344 242 1381 dum3
272 1345 399 1380 haecque
423 1345 565 1374 immunes
582 1353 639 1374 nos
670 1345 762 1374 reddit
790 1344 825 1373 ab
851 1344 996 1373 erroribus
1012 1363 1025 1380 ‚
1059 1343 1091 1373 in
1114 1350 1190 1381 quos
1219 1349 1428 1378 nonnunquam
1458 1347 1487 1370 et
1512 1341 1543 1370 hi
1565 1341 1672 1382 incide·

149 1403 219 1426 runt
243 1397 321 1434 (7).

192 1448 328 1477 Attamen
342 1455 436 1484 neque
458 1447 526 1476 haec
548 1448 607 1477 duo
630 1447 796 1483 sufficiunt;
818 1446 933 1475 accedat
962 1445 1006 1482 30.
1028 1445 1214 1483 Comparatio
1231 1443 1332 1480 illius,
1353 1442 1432 1481 quod
1442 1444 1588 1480 cognitum
1612 1449 1671 1478 est,

152 1507 218 1528 cum
242 1498 366 1527 nondum
393 1500 526 1535 cognito,
556 1499 585 1527 id
606 1505 651 1527 est
669 1498 830 1536 Analogia.
871 1497 925 1526 Illa
940 1496 1036 1532 enim,
1058 1504 1131 1532 quae
1154 1495 1288 1524 sensibus
1304 1494 1388 1524 facile
1405 1494 1555 1524 observare
1571 1501 1674 1531 potue-

151 1556 217 1579 rant
237 1549 399 1586 Empirici‚
421 1556 469 1578 aut
489 1558 561 1586 quae
587 1558 617 1578 se
639 1550 811 1579 observasse
837 1555 1061 1578 memoraverant
1087 1548 1191 1577 horum
1219 1554 1432 1584 antecessores,
1448 1569 1451 1573 .
1468 1553 1571 1584 utpote
1598 1553 1675 1576 certa

154 1599 330 1639 efcognita,
341 1609 580 1638 comparaverunt
596 1610 662 1631 cum
679 1601 738 1631 illis
748 1622 758 1637 ,
775 1608 847 1637 quae
863 1601 893 1630 in
910 1600 974 1629 aliis
987 1600 1209 1629 observaverant
1224 1599 1360 1636 casibus3
1379 1606 1410 1628 ut
1426 1599 1465 1628 ita
1479 1604 1675 1635 symptomata

156 1654 292 1690 quaedam
317 1654 477 1691 detegerent
498 1654 528 1682 in
546 1662 616 1682 casu
633 1653 793 1690 praesenti,
819 1660 893 1693 quae
912 1652 1101 1682 convenirent
1122 1659 1188 1680 cum
1210 1650 1286 1686 illis,
1308 1658 1381 1686 quae
1398 1658 1496 1679 casum
1520 1648 1671 1685 quemdam

152 1706 306 1743 cognitum
319 1706 450 1735 comitari
466 1705 707 1741 observaverant,
721 1712 749 1734 et
763 1704 942 1742 pervenirent
958 1704 993 1734 ad
1004 1701 1198 1739 cognitionem
1211 1710 1302 1731 nexus
1312 1722 1322 1737 ‚
1338 1708 1382 1736 et,
1395 1701 1420 1730 si
1431 1700 1490 1731 fieri
1503 1705 1618 1737 posset,
1635 1699 1672 1727 de

154 1757 269 1788 caussis
285 1758 388 1788 horum
408 1758 692 1795 phaenomenorum,
713 1756 820 1794 quidve
841 1755 1004 1786 faciendum
1024 1753 1201 1791 indicarent,
1223 1752 1297 1792 ipsis
1312 1758 1468 1783 constaret.
1506 1751 1616 1782 Eodem
1631 1750 1674 1778 in-

1633 1809 1677 1830 m-

183 1895 236 1926 (5)
251 1896 296 1918 Vid
321 1898 453 1924 Paralum,
468 1897 527 1919 Lacr.
539 1897 632 1923 Poma,
648 1897 665 1918 1.
688 1896 735 1922 56.
751 1897 829 1924 opum.
842 1895 904 1917 Aul.
926 1900 976 1922 png.
995 1899 1034 1917 1¹¹
1047 1898 1071 1917 et
1083 1899 1133 1918 112.

188 1937 240 1964 (⁶)
257 1937 310 1959 Vid.
326 1939 476 1965 limma-an,
491 1939 516 1961 L.
531 1938 574 1965 L,
591 1938 656 1960 libro>
667 1937 693 1960 ΙΙ.
715 1944 765 1965 ιἰρ.
780 1943 800 1962 s.
823 1942 873 1964 pag.
888 1941 917 1959 m.
931 1940 967 1963 35.

188 1976 240 2006 (7)
259 1978 309 2001 vid.
326 1979 448 2007 eagllrtus,
465 1980 482 2002 Ι.
496 1980 528 2006 Ι..
543 1980 605 2003 Libr.
618 1980 647 2002 n.
670 1985 720 2008 cap.
737 1984 771 2001 ιο.
795 1980 841 2006 §7-

976 2019 1043 2049 C2
