<?xml version="1.0" encoding="UTF-8"?>
<!DOCTYPE html PUBLIC "-//W3C//DTD XHTML 1.0 Transitional//EN"
    "http://www.w3.org/TR/xhtml1/DTD/xhtml1-transitional.dtd">
<html xmlns="http://www.w3.org/1999/xhtml" xml:lang="en" lang="en">
 <head>
  <title>
</title>
<meta http-equiv="Content-Type" content="text/html;charset=utf-8" />
  <meta name='ocr-system' content='tesseract 3.04.00' />
  <meta name='ocr-capabilities' content='ocr_page ocr_carea ocr_par ocr_line ocrx_word'/>
</head>
<body>
  <div class='ocr_page' id='page_1' title='image "annalesacademiae17rijk_0486.png"; bbox 0 0 1913 2427; ppageno 0'>
   <div class='ocr_carea' id='block_1_1' title="bbox 266 135 1448 182">
    <p class='ocr_par' dir='ltr' id='par_1_1' title="bbox 266 135 1448 182">
     <span class='ocr_line' id='line_1_1' title="bbox 266 135 1448 182; baseline 0.002 -12"><span class='ocrx_word' id='word_1_1' title='bbox 266 141 311 181; x_wconf 64' lang='lat'><strong>⁶4</strong></span> <span class='ocrx_word' id='word_1_2' title='bbox 624 135 1448 182; x_wconf 57' lang='lat' dir='ltr'><strong>:nrtrHortBEcKE</strong></span> 
     </span>
    </p>
   </div>
   <div class='ocr_carea' id='block_1_2' title="bbox 266 223 1774 828">
    <p class='ocr_par' dir='ltr' id='par_1_2' title="bbox 266 223 1771 467">
     <span class='ocr_line' id='line_1_2' title="bbox 303 223 1769 264; baseline 0.001 -7"><span class='ocrx_word' id='word_1_3' title='bbox 303 229 410 257; x_wconf 88' lang='lat' dir='ltr'><strong>Verum</strong></span> <span class='ocrx_word' id='word_1_4' title='bbox 433 224 641 264; x_wconf 71' lang='lat' dir='ltr'><strong>principiorum</strong></span> <span class='ocrx_word' id='word_1_5' title='bbox 667 225 811 254; x_wconf 78' lang='lat' dir='ltr'><strong>Ciceronis</strong></span> <span class='ocrx_word' id='word_1_6' title='bbox 824 223 1019 253; x_wconf 51' lang='lat' dir='ltr'><strong>arontta&#39;fflum</strong></span> <span class='ocrx_word' id='word_1_7' title='bbox 1041 224 1120 253; x_wconf 83' lang='lat' dir='ltr'><strong>nulla</strong></span> <span class='ocrx_word' id='word_1_8' title='bbox 1147 230 1190 254; x_wconf 88' lang='lat' dir='ltr'><strong>est</strong></span> <span class='ocrx_word' id='word_1_9' title='bbox 1214 226 1418 263; x_wconf 84' lang='lat' dir='ltr'><strong>repugnantia,</strong></span> <span class='ocrx_word' id='word_1_10' title='bbox 1447 226 1497 255; x_wconf 91' lang='lat' dir='ltr'><strong>sed</strong></span> <span class='ocrx_word' id='word_1_11' title='bbox 1520 227 1620 264; x_wconf 86' lang='lat' dir='ltr'><strong>potius</strong></span> <span class='ocrx_word' id='word_1_12' title='bbox 1650 228 1769 262; x_wconf 74' lang='lat' dir='ltr'><strong>admira,-</strong></span> 
     </span>
     <span class='ocr_line' id='line_1_3' title="bbox 266 276 1770 316; baseline 0.001 -8"><span class='ocrx_word' id='word_1_13' title='bbox 266 279 335 308; x_wconf 89' lang='lat' dir='ltr'><strong>bilis</strong></span> <span class='ocrx_word' id='word_1_14' title='bbox 357 286 537 313; x_wconf 77' lang='lat' dir='ltr'>consensus,</span> <span class='ocrx_word' id='word_1_15' title='bbox 558 285 585 306; x_wconf 90' lang='lat' dir='ltr'><strong>et</strong></span> <span class='ocrx_word' id='word_1_16' title='bbox 604 277 704 306; x_wconf 84' lang='lat' dir='ltr'><strong>intima</strong></span> <span class='ocrx_word' id='word_1_17' title='bbox 728 276 912 312; x_wconf 60' lang='lat' dir='ltr'><strong>conjunctim</strong></span> <span class='ocrx_word' id='word_1_18' title='bbox 941 282 1026 311; x_wconf 88' lang='lat' dir='ltr'><strong>atque</strong></span> <span class='ocrx_word' id='word_1_19' title='bbox 1044 276 1259 313; x_wconf 86' lang='lat' dir='ltr'><strong>angustissimis</strong></span> <span class='ocrx_word' id='word_1_20' title='bbox 1284 278 1406 306; x_wconf 87' lang='lat' dir='ltr'><strong>vinculis</strong></span> <span class='ocrx_word' id='word_1_21' title='bbox 1437 279 1477 306; x_wconf 86' lang='lat' dir='ltr'><strong>ita</strong></span> <span class='ocrx_word' id='word_1_22' title='bbox 1502 279 1558 307; x_wconf 88' lang='lat' dir='ltr'><strong>sibi</strong></span> <span class='ocrx_word' id='word_1_23' title='bbox 1579 286 1646 308; x_wconf 86' lang='lat' dir='ltr'><strong>sunt</strong></span> <span class='ocrx_word' id='word_1_24' title='bbox 1663 288 1770 316; x_wconf 79' lang='lat' dir='ltr'><strong>annexa</strong></span> 
     </span>
     <span class='ocr_line' id='line_1_4' title="bbox 269 326 1768 366; baseline 0.001 -7"><span class='ocrx_word' id='word_1_25' title='bbox 269 337 356 366; x_wconf 86' lang='lat' dir='ltr'><strong>atque</strong></span> <span class='ocrx_word' id='word_1_26' title='bbox 373 328 485 365; x_wconf 86' lang='lat' dir='ltr'><strong>affinia,</strong></span> <span class='ocrx_word' id='word_1_27' title='bbox 508 335 539 357; x_wconf 92' lang='lat' dir='ltr'><strong>ut</strong></span> <span class='ocrx_word' id='word_1_28' title='bbox 559 337 593 357; x_wconf 77' lang='lat' dir='ltr'><strong>ex</strong></span> <span class='ocrx_word' id='word_1_29' title='bbox 610 328 731 357; x_wconf 86' lang='lat' dir='ltr'><strong>diversis</strong></span> <span class='ocrx_word' id='word_1_30' title='bbox 756 326 907 364; x_wconf 83' lang='lat' dir='ltr'><strong>principiis</strong></span> <span class='ocrx_word' id='word_1_31' title='bbox 931 335 1014 363; x_wconf 86' lang='lat' dir='ltr'><strong>saepe</strong></span> <span class='ocrx_word' id='word_1_32' title='bbox 1035 327 1128 356; x_wconf 89' lang='lat' dir='ltr'><strong>eadem</strong></span> <span class='ocrx_word' id='word_1_33' title='bbox 1161 327 1257 356; x_wconf 86' lang='lat' dir='ltr'><strong>officia</strong></span> <span class='ocrx_word' id='word_1_34' title='bbox 1278 328 1422 364; x_wconf 88' lang='lat' dir='ltr'><strong>oriantur,</strong></span> <span class='ocrx_word' id='word_1_35' title='bbox 1453 337 1524 364; x_wconf 90' lang='lat' dir='ltr'><strong>quae</strong></span> <span class='ocrx_word' id='word_1_36' title='bbox 1553 336 1645 360; x_wconf 87' lang='lat' dir='ltr'><strong>tamen</strong></span> <span class='ocrx_word' id='word_1_37' title='bbox 1667 339 1702 360; x_wconf 85' lang='lat' dir='ltr'><strong>ex</strong></span> <span class='ocrx_word' id='word_1_38' title='bbox 1723 332 1768 360; x_wconf 89' lang='lat' dir='ltr'><strong>di-</strong></span> 
     </span>
     <span class='ocr_line' id='line_1_5' title="bbox 269 377 1771 416; baseline 0.001 -7"><span class='ocrx_word' id='word_1_39' title='bbox 269 388 350 412; x_wconf 75' lang='lat' dir='ltr'><strong>versa</strong></span> <span class='ocrx_word' id='word_1_40' title='bbox 373 389 424 409; x_wconf 89' lang='lat' dir='ltr'><strong>sua</strong></span> <span class='ocrx_word' id='word_1_41' title='bbox 441 380 549 416; x_wconf 84' lang='lat' dir='ltr'><strong>origine</strong></span> <span class='ocrx_word' id='word_1_42' title='bbox 568 379 657 416; x_wconf 83' lang='lat' dir='ltr'><strong>magis</strong></span> <span class='ocrx_word' id='word_1_43' title='bbox 676 386 759 414; x_wconf 83' lang='lat' dir='ltr'><strong>saepe</strong></span> <span class='ocrx_word' id='word_1_44' title='bbox 782 377 931 406; x_wconf 87' lang='lat' dir='ltr'><strong>firmantur</strong></span> <span class='ocrx_word' id='word_1_45' title='bbox 952 384 979 407; x_wconf 88' lang='lat' dir='ltr'><strong>et</strong></span> <span class='ocrx_word' id='word_1_46' title='bbox 999 378 1184 415; x_wconf 84' lang='lat' dir='ltr'><strong>sanciuntur,</strong></span> <span class='ocrx_word' id='word_1_47' title='bbox 1211 379 1326 415; x_wconf 89' lang='lat' dir='ltr'><strong>sibique</strong></span> <span class='ocrx_word' id='word_1_48' title='bbox 1350 379 1471 409; x_wconf 88' lang='lat' dir='ltr'><strong>invicem</strong></span> <span class='ocrx_word' id='word_1_49' title='bbox 1498 381 1605 411; x_wconf 88' lang='lat' dir='ltr'><strong>addunt</strong></span> <span class='ocrx_word' id='word_1_50' title='bbox 1627 388 1771 413; x_wconf 85' lang='lat' dir='ltr'><strong>momenta</strong></span> 
     </span>
     <span class='ocr_line' id='line_1_6' title="bbox 272 429 1059 467; baseline -0.003 -6"><span class='ocrx_word' id='word_1_51' title='bbox 272 433 326 461; x_wconf 82' lang='lat' dir='ltr'><strong>alia</strong></span> <span class='ocrx_word' id='word_1_52' title='bbox 346 432 410 461; x_wconf 86' lang='lat' dir='ltr'><strong>aliis</strong></span> <span class='ocrx_word' id='word_1_53' title='bbox 433 431 574 466; x_wconf 87' lang='lat' dir='ltr'><strong>fortiora,</strong></span> <span class='ocrx_word' id='word_1_54' title='bbox 597 430 746 467; x_wconf 87' lang='lat' dir='ltr'><strong>magisque</strong></span> <span class='ocrx_word' id='word_1_55' title='bbox 766 429 905 467; x_wconf 86' lang='lat' dir='ltr'><strong>urgentia.</strong></span> <span class='ocrx_word' id='word_1_56' title='bbox 1055 438 1059 441; x_wconf 84' lang='grc'><em>·</em></span> 
     </span>
    </p>

    <p class='ocr_par' dir='ltr' id='par_1_3' title="bbox 270 479 1774 623">
     <span class='ocr_line' id='line_1_7' title="bbox 310 479 1772 520; baseline 0.003 -9"><span class='ocrx_word' id='word_1_57' title='bbox 310 483 358 512; x_wconf 88' lang='lat' dir='ltr'><strong>Sic</strong></span> <span class='ocrx_word' id='word_1_58' title='bbox 377 492 409 511; x_wconf 82' lang='lat' dir='ltr'><strong>ex</strong></span> <span class='ocrx_word' id='word_1_59' title='bbox 430 482 575 519; x_wconf 87' lang='lat' dir='ltr'><strong>principio</strong></span> <span class='ocrx_word' id='word_1_60' title='bbox 591 480 754 511; x_wconf 88' lang='lat' dir='ltr'><strong>officiorum</strong></span> <span class='ocrx_word' id='word_1_61' title='bbox 771 489 834 518; x_wconf 87' lang='lat' dir='ltr'><strong>erga</strong></span> <span class='ocrx_word' id='word_1_62' title='bbox 850 489 881 509; x_wconf 88' lang='lat' dir='ltr'><strong>se</strong></span> <span class='ocrx_word' id='word_1_63' title='bbox 900 479 995 517; x_wconf 83' lang='lat' dir='ltr'><strong>ipsum</strong></span> <span class='ocrx_word' id='word_1_64' title='bbox 1020 480 1107 511; x_wconf 88' lang='lat' dir='ltr'><strong>homo</strong></span> <span class='ocrx_word' id='word_1_65' title='bbox 1126 482 1183 519; x_wconf 84' lang='lat' dir='ltr'><strong>jam</strong></span> <span class='ocrx_word' id='word_1_66' title='bbox 1206 482 1363 519; x_wconf 86' lang='lat' dir='ltr'><strong>impellitur</strong></span> <span class='ocrx_word' id='word_1_67' title='bbox 1381 482 1415 511; x_wconf 87' lang='lat' dir='ltr'><strong>ad</strong></span> <span class='ocrx_word' id='word_1_68' title='bbox 1439 491 1556 520; x_wconf 79' lang='lat' dir='ltr'><strong>magnas</strong></span> <span class='ocrx_word' id='word_1_69' title='bbox 1571 491 1614 512; x_wconf 90' lang='lat' dir='ltr'><strong>res</strong></span> <span class='ocrx_word' id='word_1_70' title='bbox 1638 485 1772 520; x_wconf 82' lang='lat' dir='ltr'><strong>gerendas</strong></span> 
     </span>
     <span class='ocr_line' id='line_1_8' title="bbox 271 532 1774 574; baseline 0.001 -10"><span class='ocrx_word' id='word_1_71' title='bbox 271 541 300 565; x_wconf 82' lang='lat' dir='ltr'><strong>et</strong></span> <span class='ocrx_word' id='word_1_72' title='bbox 323 543 409 571; x_wconf 85' lang='lat' dir='ltr'><strong>remp.</strong></span> <span class='ocrx_word' id='word_1_73' title='bbox 430 534 697 569; x_wconf 78' lang='lat' dir='ltr'><strong>administrandam,</strong></span> <span class='ocrx_word' id='word_1_74' title='bbox 718 534 768 563; x_wconf 91' lang='lat' dir='ltr'><strong>sed</strong></span> <span class='ocrx_word' id='word_1_75' title='bbox 785 533 873 570; x_wconf 85' lang='lat' dir='ltr'><strong>magis</strong></span> <span class='ocrx_word' id='word_1_76' title='bbox 892 532 974 561; x_wconf 85' lang='lat' dir='ltr'><strong>etiam</strong></span> <span class='ocrx_word' id='word_1_77' title='bbox 996 532 1171 570; x_wconf 84' lang='lat' dir='ltr'><strong>principium</strong></span> <span class='ocrx_word' id='word_1_78' title='bbox 1192 533 1356 568; x_wconf 81' lang='lat' dir='ltr'><strong>societatis,</strong></span> <span class='ocrx_word' id='word_1_79' title='bbox 1377 541 1430 570; x_wconf 86' lang='lat' dir='ltr'><strong>pro</strong></span> <span class='ocrx_word' id='word_1_80' title='bbox 1445 534 1536 562; x_wconf 89' lang='lat' dir='ltr'><strong>salute</strong></span> <span class='ocrx_word' id='word_1_81' title='bbox 1558 534 1665 564; x_wconf 87' lang='lat' dir='ltr'><strong>civium</strong></span> <span class='ocrx_word' id='word_1_82' title='bbox 1681 544 1774 574; x_wconf 85' lang='lat' dir='ltr'><strong>remp.</strong></span> 
     </span>
     <span class='ocr_line' id='line_1_9' title="bbox 270 586 689 623; baseline -0.007 -6"><span class='ocrx_word' id='word_1_83' title='bbox 270 595 333 617; x_wconf 82' lang='lat' dir='ltr'><strong>esse</strong></span> <span class='ocrx_word' id='word_1_84' title='bbox 352 587 573 623; x_wconf 81' lang='lat' dir='ltr'><strong>capessendam,</strong></span> <span class='ocrx_word' id='word_1_85' title='bbox 594 586 689 615; x_wconf 86' lang='lat' dir='ltr'><strong>docet.</strong></span> 
     </span>
    </p>

    <p class='ocr_par' dir='ltr' id='par_1_4' title="bbox 268 633 1773 828">
     <span class='ocr_line' id='line_1_10' title="bbox 307 633 1772 676; baseline 0 -9"><span class='ocrx_word' id='word_1_86' title='bbox 307 638 388 676; x_wconf 85' lang='lat' dir='ltr'><strong>Quae</strong></span> <span class='ocrx_word' id='word_1_87' title='bbox 409 644 507 667; x_wconf 85' lang='lat' dir='ltr'><strong>natura</strong></span> <span class='ocrx_word' id='word_1_88' title='bbox 534 638 563 666; x_wconf 90' lang='lat' dir='ltr'><strong>in</strong></span> <span class='ocrx_word' id='word_1_89' title='bbox 584 637 698 665; x_wconf 87' lang='lat' dir='ltr'><strong>homine</strong></span> <span class='ocrx_word' id='word_1_90' title='bbox 722 636 828 673; x_wconf 81' lang='lat' dir='ltr'><strong>sparsit</strong></span> <span class='ocrx_word' id='word_1_91' title='bbox 853 635 1068 666; x_wconf 86' lang='lat' dir='ltr'><strong>benevolentiae</strong></span> <span class='ocrx_word' id='word_1_92' title='bbox 1094 643 1158 672; x_wconf 84' lang='lat' dir='ltr'><strong>erga</strong></span> <span class='ocrx_word' id='word_1_93' title='bbox 1188 635 1261 664; x_wconf 84' lang='lat' dir='ltr'><strong>alios</strong></span> <span class='ocrx_word' id='word_1_94' title='bbox 1283 633 1409 670; x_wconf 87' lang='lat' dir='ltr'><strong>semina,</strong></span> <span class='ocrx_word' id='word_1_95' title='bbox 1439 643 1470 664; x_wconf 91' lang='lat' dir='ltr'><strong>ea</strong></span> <span class='ocrx_word' id='word_1_96' title='bbox 1493 635 1634 665; x_wconf 85' lang='lat' dir='ltr'><strong>stabilivit</strong></span> <span class='ocrx_word' id='word_1_97' title='bbox 1653 637 1682 666; x_wconf 81' lang='lat' dir='ltr'><strong>et</strong></span> <span class='ocrx_word' id='word_1_98' title='bbox 1702 645 1772 667; x_wconf 87' lang='lat' dir='ltr'><strong>con-</strong></span> 
     </span>
     <span class='ocr_line' id='line_1_11' title="bbox 270 685 1772 725; baseline 0 -7"><span class='ocrx_word' id='word_1_99' title='bbox 270 688 396 718; x_wconf 86' lang='lat' dir='ltr'><strong>firmavit</strong></span> <span class='ocrx_word' id='word_1_100' title='bbox 417 689 643 725; x_wconf 87' lang='lat' dir='ltr'><strong>propinquitatis</strong></span> <span class='ocrx_word' id='word_1_101' title='bbox 669 695 696 717; x_wconf 91' lang='lat' dir='ltr'><strong>et</strong></span> <span class='ocrx_word' id='word_1_102' title='bbox 713 688 872 725; x_wconf 79' lang='lat' dir='ltr'><strong>agnationis</strong></span> <span class='ocrx_word' id='word_1_103' title='bbox 897 687 1032 724; x_wconf 84' lang='lat' dir='ltr'><strong>gradibus</strong></span> <span class='ocrx_word' id='word_1_104' title='bbox 1052 686 1224 716; x_wconf 84' lang='lat' dir='ltr'><strong>condendis:</strong></span> <span class='ocrx_word' id='word_1_105' title='bbox 1246 686 1362 715; x_wconf 82' lang='lat' dir='ltr'><strong>vincula</strong></span> <span class='ocrx_word' id='word_1_106' title='bbox 1384 685 1534 716; x_wconf 79' lang='lat' dir='ltr'><strong>homInum</strong></span> <span class='ocrx_word' id='word_1_107' title='bbox 1548 687 1620 716; x_wconf 88' lang='lat' dir='ltr'><strong>inter</strong></span> <span class='ocrx_word' id='word_1_108' title='bbox 1642 687 1772 718; x_wconf 87' lang='lat' dir='ltr'><strong>homines</strong></span> 
     </span>
     <span class='ocr_line' id='line_1_12' title="bbox 268 731 1770 776; baseline -0.001 -7"><span class='ocrx_word' id='word_1_109' title='bbox 268 739 412 770; x_wconf 87' lang='lat' dir='ltr'><strong>contraxi-t</strong></span> <span class='ocrx_word' id='word_1_110' title='bbox 428 731 623 776; x_wconf 75' lang='lat' dir='ltr'><strong>angustiora,</strong></span> <span class='ocrx_word' id='word_1_111' title='bbox 650 748 747 768; x_wconf 84' lang='lat' dir='ltr'><strong>amore</strong></span> <span class='ocrx_word' id='word_1_112' title='bbox 769 745 917 774; x_wconf 79' lang='lat' dir='ltr'><strong>parentum</strong></span> <span class='ocrx_word' id='word_1_113' title='bbox 946 747 1010 774; x_wconf 84' lang='lat' dir='ltr'><strong>erga</strong></span> <span class='ocrx_word' id='word_1_114' title='bbox 1030 743 1132 772; x_wconf 77' lang='lat' dir='ltr'><strong>natOS‚</strong></span> <span class='ocrx_word' id='word_1_115' title='bbox 1160 737 1190 765; x_wconf 91' lang='lat' dir='ltr'><strong>in</strong></span> <span class='ocrx_word' id='word_1_116' title='bbox 1212 737 1314 765; x_wconf 89' lang='lat' dir='ltr'><strong>bestiis</strong></span> <span class='ocrx_word' id='word_1_117' title='bbox 1341 736 1423 766; x_wconf 86' lang='lat' dir='ltr'><strong>etiam</strong></span> <span class='ocrx_word' id='word_1_118' title='bbox 1444 737 1573 774; x_wconf 86' lang='lat' dir='ltr'><strong>vigente:</strong></span> <span class='ocrx_word' id='word_1_119' title='bbox 1595 744 1682 774; x_wconf 89' lang='lat' dir='ltr'><strong>atque</strong></span> <span class='ocrx_word' id='word_1_120' title='bbox 1698 739 1770 768; x_wconf 89' lang='lat' dir='ltr'><strong>idem</strong></span> 
     </span>
     <span class='ocr_line' id='line_1_13' title="bbox 269 787 1773 828; baseline -0.001 -8"><span class='ocrx_word' id='word_1_121' title='bbox 269 791 318 820; x_wconf 88' lang='lat' dir='ltr'><strong>ille</strong></span> <span class='ocrx_word' id='word_1_122' title='bbox 333 791 362 820; x_wconf 92' lang='lat' dir='ltr'><strong>in</strong></span> <span class='ocrx_word' id='word_1_123' title='bbox 383 798 547 828; x_wconf 88' lang='lat' dir='ltr'><strong>procreatos</strong></span> <span class='ocrx_word' id='word_1_124' title='bbox 563 800 662 826; x_wconf 84' lang='lat' dir='ltr'><strong>amor,</strong></span> <span class='ocrx_word' id='word_1_125' title='bbox 682 790 905 827; x_wconf 85' lang='lat' dir='ltr'><strong>cognationibus</strong></span> <span class='ocrx_word' id='word_1_126' title='bbox 923 795 951 818; x_wconf 91' lang='lat' dir='ltr'><strong>et</strong></span> <span class='ocrx_word' id='word_1_127' title='bbox 979 787 1168 817; x_wconf 86' lang='lat' dir='ltr'><strong>affinitatibus</strong></span> <span class='ocrx_word' id='word_1_128' title='bbox 1197 788 1302 817; x_wconf 87' lang='lat' dir='ltr'><strong>sensim</strong></span> <span class='ocrx_word' id='word_1_129' title='bbox 1331 788 1408 816; x_wconf 89' lang='lat' dir='ltr'><strong>foras</strong></span> <span class='ocrx_word' id='word_1_130' title='bbox 1439 788 1530 824; x_wconf 82' lang='lat' dir='ltr'><strong>magIs</strong></span> <span class='ocrx_word' id='word_1_131' title='bbox 1563 789 1710 826; x_wconf 86' lang='lat' dir='ltr'><strong>magisque</strong></span> <span class='ocrx_word' id='word_1_132' title='bbox 1740 799 1773 819; x_wconf 91' lang='lat' dir='ltr'><strong>se</strong></span> 
     </span>
    </p>
   </div>
   <div class='ocr_carea' id='block_1_3' title="bbox 268 838 1790 881">
    <p class='ocr_par' dir='ltr' id='par_1_5' title="bbox 268 838 1790 881">
     <span class='ocr_line' id='line_1_14' title="bbox 268 838 1790 881; baseline -0.001 -9"><span class='ocrx_word' id='word_1_133' title='bbox 268 843 422 872; x_wconf 81' lang='lat' dir='ltr'><strong>extendens</strong></span> <span class='ocrx_word' id='word_1_134' title='bbox 440 862 451 878; x_wconf 94' lang='lat'><strong>,</strong></span> <span class='ocrx_word' id='word_1_135' title='bbox 478 842 651 872; x_wconf 82' lang='lat' dir='ltr'><strong>considerari</strong></span> <span class='ocrx_word' id='word_1_136' title='bbox 680 847 779 878; x_wconf 88' lang='lat' dir='ltr'><strong>potest</strong></span> <span class='ocrx_word' id='word_1_137' title='bbox 805 847 950 877; x_wconf 87' lang='lat' dir='ltr'><strong>tamquam</strong></span> <span class='ocrx_word' id='word_1_138' title='bbox 976 840 1193 868; x_wconf 88' lang='lat' dir='ltr'><strong>fundamentum</strong></span> <span class='ocrx_word' id='word_1_139' title='bbox 1216 838 1364 868; x_wconf 80' lang='lat' dir='ltr'><strong>socletatis</strong></span> <span class='ocrx_word' id='word_1_140' title='bbox 1391 838 1540 869; x_wconf 88' lang='lat' dir='ltr'><strong>humanae.</strong></span> <span class='ocrx_word' id='word_1_141' title='bbox 1585 839 1674 869; x_wconf 84' lang='lat' dir='ltr'><strong>Certe</strong></span> <span class='ocrx_word' id='word_1_142' title='bbox 1704 841 1790 881; x_wconf 15' lang='lat' dir='ltr'><strong>haee*</strong></span> 
     </span>
    </p>
   </div>
   <div class='ocr_carea' id='block_1_4' title="bbox 266 888 1778 1133">
    <p class='ocr_par' dir='ltr' id='par_1_6' title="bbox 266 888 1778 1133">
     <span class='ocr_line' id='line_1_15' title="bbox 269 888 1775 928; baseline 0 -7"><span class='ocrx_word' id='word_1_143' title='bbox 269 894 399 928; x_wconf 83' lang='lat' dir='ltr'><strong>caderet,</strong></span> <span class='ocrx_word' id='word_1_144' title='bbox 419 892 477 921; x_wconf 83' lang='lat' dir='ltr'><strong>nisi</strong></span> <span class='ocrx_word' id='word_1_145' title='bbox 499 893 551 921; x_wconf 81' lang='lat' dir='ltr'><strong>illo</strong></span> <span class='ocrx_word' id='word_1_146' title='bbox 575 893 660 921; x_wconf 89' lang='lat' dir='ltr'><strong>modo</strong></span> <span class='ocrx_word' id='word_1_147' title='bbox 685 892 796 921; x_wconf 88' lang='lat' dir='ltr'><strong>homini</strong></span> <span class='ocrx_word' id='word_1_148' title='bbox 819 891 964 921; x_wconf 87' lang='lat' dir='ltr'><strong>hominem</strong></span> <span class='ocrx_word' id='word_1_149' title='bbox 990 897 1088 921; x_wconf 87' lang='lat' dir='ltr'><strong>natura</strong></span> <span class='ocrx_word' id='word_1_150' title='bbox 1117 890 1304 927; x_wconf 82' lang='lat' dir='ltr'><strong>adjunxisset.</strong></span> <span class='ocrx_word' id='word_1_151' title='bbox 1343 888 1539 918; x_wconf 68' lang='lat' dir='ltr'><strong>Conni-matur</strong></span> <span class='ocrx_word' id='word_1_152' title='bbox 1562 890 1775 921; x_wconf 88' lang='lat' dir='ltr'><strong>benevolentiae</strong></span> 
     </span>
     <span class='ocr_line' id='line_1_16' title="bbox 268 941 1778 981; baseline 0 -9"><span class='ocrx_word' id='word_1_153' title='bbox 268 943 459 980; x_wconf 84' lang='lat' dir='ltr'><strong>conjunctio,</strong></span> <span class='ocrx_word' id='word_1_154' title='bbox 486 944 607 981; x_wconf 86' lang='lat' dir='ltr'><strong>ejusque</strong></span> <span class='ocrx_word' id='word_1_155' title='bbox 629 943 819 972; x_wconf 86' lang='lat' dir='ltr'><strong>observandae</strong></span> <span class='ocrx_word' id='word_1_156' title='bbox 837 949 1033 979; x_wconf 82' lang='lat' dir='ltr'><strong>momentum,</strong></span> <span class='ocrx_word' id='word_1_157' title='bbox 1057 951 1091 972; x_wconf 79' lang='lat' dir='ltr'><strong>ex</strong></span> <span class='ocrx_word' id='word_1_158' title='bbox 1115 942 1206 971; x_wconf 90' lang='lat' dir='ltr'><strong>divini</strong></span> <span class='ocrx_word' id='word_1_159' title='bbox 1228 941 1357 970; x_wconf 90' lang='lat' dir='ltr'><strong>numinis</strong></span> <span class='ocrx_word' id='word_1_160' title='bbox 1374 941 1403 969; x_wconf 93' lang='lat' dir='ltr'><strong>in</strong></span> <span class='ocrx_word' id='word_1_161' title='bbox 1427 941 1584 970; x_wconf 87' lang='lat' dir='ltr'><strong>humanum</strong></span> <span class='ocrx_word' id='word_1_162' title='bbox 1605 949 1696 978; x_wconf 86' lang='lat' dir='ltr'><strong>genus</strong></span> <span class='ocrx_word' id='word_1_163' title='bbox 1716 945 1778 972; x_wconf 92' lang='lat' dir='ltr'><strong>col-</strong></span> 
     </span>
     <span class='ocr_line' id='line_1_17' title="bbox 266 991 1775 1033; baseline 0.001 -12"><span class='ocrx_word' id='word_1_164' title='bbox 266 993 323 1023; x_wconf 89' lang='lat' dir='ltr'><strong>lata</strong></span> <span class='ocrx_word' id='word_1_165' title='bbox 344 1002 412 1022; x_wconf 80' lang='lat' dir='ltr'><strong>cura</strong></span> <span class='ocrx_word' id='word_1_166' title='bbox 435 999 463 1023; x_wconf 91' lang='lat' dir='ltr'><strong>et</strong></span> <span class='ocrx_word' id='word_1_167' title='bbox 483 993 680 1032; x_wconf 68' lang='lat' dir='ltr'><strong>providentia,-¹</strong></span> <span class='ocrx_word' id='word_1_168' title='bbox 704 994 782 1031; x_wconf 85' lang='lat' dir='ltr'><strong>quod</strong></span> <span class='ocrx_word' id='word_1_169' title='bbox 804 1002 838 1023; x_wconf 92' lang='lat' dir='ltr'><strong>eo</strong></span> <span class='ocrx_word' id='word_1_170' title='bbox 857 1001 969 1030; x_wconf 85' lang='lat' dir='ltr'><strong>amore,</strong></span> <span class='ocrx_word' id='word_1_171' title='bbox 999 995 1083 1033; x_wconf 78' lang='lat' dir='ltr'><strong>qu&#39;us</strong></span> <span class='ocrx_word' id='word_1_172' title='bbox 1106 1002 1140 1022; x_wconf 89' lang='lat' dir='ltr'><strong>ex</strong></span> <span class='ocrx_word' id='word_1_173' title='bbox 1165 993 1230 1030; x_wconf 88' lang='lat' dir='ltr'><strong>ipso</strong></span> <span class='ocrx_word' id='word_1_174' title='bbox 1254 991 1359 1021; x_wconf 88' lang='lat' dir='ltr'><strong>indicia</strong></span> <span class='ocrx_word' id='word_1_175' title='bbox 1379 991 1502 1028; x_wconf 87' lang='lat' dir='ltr'><strong>plurima</strong></span> <span class='ocrx_word' id='word_1_176' title='bbox 1522 991 1552 1020; x_wconf 89' lang='lat' dir='ltr'><strong>in</strong></span> <span class='ocrx_word' id='word_1_177' title='bbox 1579 992 1775 1023; x_wconf 83' lang='lat' dir='ltr'><strong>homunculos</strong></span> 
     </span>
     <span class='ocr_line' id='line_1_18' title="bbox 269 1041 1775 1081; baseline 0.001 -8"><span class='ocrx_word' id='word_1_178' title='bbox 269 1045 465 1080; x_wconf 86' lang='lat' dir='ltr'><strong>descendunt,</strong></span> <span class='ocrx_word' id='word_1_179' title='bbox 486 1051 519 1073; x_wconf 90' lang='lat' dir='ltr'><strong>ut</strong></span> <span class='ocrx_word' id='word_1_180' title='bbox 538 1044 595 1081; x_wconf 82' lang='lat' dir='ltr'><strong>ipsi</strong></span> <span class='ocrx_word' id='word_1_181' title='bbox 613 1045 688 1075; x_wconf 84' lang='lat' dir='ltr'><strong>inter</strong></span> <span class='ocrx_word' id='word_1_182' title='bbox 703 1053 758 1074; x_wconf 90' lang='lat' dir='ltr'><strong>nos</strong></span> <span class='ocrx_word' id='word_1_183' title='bbox 776 1045 886 1074; x_wconf 85' lang='lat' dir='ltr'><strong>ratione</strong></span> <span class='ocrx_word' id='word_1_184' title='bbox 903 1046 1002 1074; x_wconf 83' lang='lat' dir='ltr'><strong>sal-tem</strong></span> <span class='ocrx_word' id='word_1_185' title='bbox 1023 1051 1154 1075; x_wconf 83' lang='lat' dir='ltr'><strong>nostrum</strong></span> <span class='ocrx_word' id='word_1_186' title='bbox 1175 1045 1347 1081; x_wconf 79' lang='lat' dir='ltr'><strong>jungamur,</strong></span> <span class='ocrx_word' id='word_1_187' title='bbox 1369 1050 1484 1070; x_wconf 89' lang='lat' dir='ltr'><strong>summo</strong></span> <span class='ocrx_word' id='word_1_188' title='bbox 1506 1042 1569 1079; x_wconf 84' lang='lat' dir='ltr'><strong>J&#39;ure</strong></span> <span class='ocrx_word' id='word_1_189' title='bbox 1591 1041 1626 1070; x_wconf 87' lang='lat' dir='ltr'><strong>ab</strong></span> <span class='ocrx_word' id='word_1_190' title='bbox 1649 1043 1775 1074; x_wconf 87' lang='lat' dir='ltr'><strong>humano</strong></span> 
     </span>
     <span class='ocr_line' id='line_1_19' title="bbox 266 1092 1778 1133; baseline 0.001 -10"><span class='ocrx_word' id='word_1_191' title='bbox 266 1103 367 1132; x_wconf 89' lang='lat' dir='ltr'><strong>genere</strong></span> <span class='ocrx_word' id='word_1_192' title='bbox 390 1095 500 1132; x_wconf 81' lang='lat' dir='ltr'><strong>exigere</strong></span> <span class='ocrx_word' id='word_1_193' title='bbox 520 1101 675 1125; x_wconf 81' lang='lat' dir='ltr'><strong>censeatur.</strong></span> <span class='ocrx_word' id='word_1_194' title='bbox 698 1095 757 1132; x_wconf 78' lang='lat' dir='ltr'><strong>(de</strong></span> <span class='ocrx_word' id='word_1_195' title='bbox 780 1096 850 1125; x_wconf 80' lang='lat' dir='ltr'><strong>Fin.</strong></span> <span class='ocrx_word' id='word_1_196' title='bbox 869 1095 920 1125; x_wconf 86' lang='grc' dir='ltr'><strong>ΙΙΙ.</strong></span> <span class='ocrx_word' id='word_1_197' title='bbox 941 1096 1013 1133; x_wconf 84' lang='lat'><em>20.)</em></span> <span class='ocrx_word' id='word_1_198' title='bbox 1052 1094 1134 1133; x_wconf 88' lang='lat' dir='ltr'><strong>Quin</strong></span> <span class='ocrx_word' id='word_1_199' title='bbox 1158 1101 1186 1124; x_wconf 89' lang='lat' dir='ltr'><strong>et</strong></span> <span class='ocrx_word' id='word_1_200' title='bbox 1212 1103 1247 1123; x_wconf 84' lang='lat' dir='ltr'><strong>ex</strong></span> <span class='ocrx_word' id='word_1_201' title='bbox 1267 1101 1326 1123; x_wconf 89' lang='lat' dir='ltr'><strong>uno</strong></span> <span class='ocrx_word' id='word_1_202' title='bbox 1346 1092 1491 1130; x_wconf 85' lang='lat' dir='ltr'><strong>principio</strong></span> <span class='ocrx_word' id='word_1_203' title='bbox 1522 1093 1706 1123; x_wconf 84' lang='lat' dir='ltr'><strong>existentium</strong></span> <span class='ocrx_word' id='word_1_204' title='bbox 1731 1095 1778 1124; x_wconf 84' lang='lat' dir='ltr'><strong>of·</strong></span> 
     </span>
    </p>
   </div>
   <div class='ocr_carea' id='block_1_5' title="bbox 265 1145 1786 1188">
    <p class='ocr_par' dir='ltr' id='par_1_7' title="bbox 265 1145 1786 1188">
     <span class='ocr_line' id='line_1_20' title="bbox 265 1145 1786 1188; baseline 0.001 -14"><span class='ocrx_word' id='word_1_205' title='bbox 265 1146 398 1174; x_wconf 86' lang='lat' dir='ltr'><strong>ficiorum</strong></span> <span class='ocrx_word' id='word_1_206' title='bbox 429 1146 611 1175; x_wconf 82' lang='lat' dir='ltr'><strong>observantia</strong></span> <span class='ocrx_word' id='word_1_207' title='bbox 634 1147 726 1177; x_wconf 84' lang='lat' dir='ltr'><strong>multo</strong></span> <span class='ocrx_word' id='word_1_208' title='bbox 761 1147 851 1185; x_wconf 75' lang='lat' dir='ltr'><strong>magis</strong></span> <span class='ocrx_word' id='word_1_209' title='bbox 874 1147 1026 1182; x_wconf 87' lang='lat' dir='ltr'><strong>absoluta,</strong></span> <span class='ocrx_word' id='word_1_210' title='bbox 1054 1152 1082 1175; x_wconf 87' lang='lat' dir='ltr'><strong>et</strong></span> <span class='ocrx_word' id='word_1_211' title='bbox 1105 1146 1253 1185; x_wconf 83' lang='lat' dir='ltr'><strong>perfecta,</strong></span> <span class='ocrx_word' id='word_1_212' title='bbox 1277 1152 1450 1181; x_wconf 84' lang='lat' dir='ltr'><strong>naturaeque</strong></span> <span class='ocrx_word' id='word_1_213' title='bbox 1469 1145 1644 1181; x_wconf 87' lang='lat' dir='ltr'><strong>respondens</strong></span> <span class='ocrx_word' id='word_1_214' title='bbox 1667 1146 1786 1188; x_wconf 78' lang='lat' dir='ltr'><strong>finibus¹</strong></span> 
     </span>
    </p>
   </div>
   <div class='ocr_carea' id='block_1_6' title="bbox 265 1195 1779 2004">
    <p class='ocr_par' dir='ltr' id='par_1_8' title="bbox 265 1195 1779 1649">
     <span class='ocr_line' id='line_1_21' title="bbox 267 1195 1776 1237; baseline -0.001 -9"><span class='ocrx_word' id='word_1_215' title='bbox 267 1199 419 1237; x_wconf 77' lang='lat' dir='ltr'><strong>redditur,</strong></span> <span class='ocrx_word' id='word_1_216' title='bbox 447 1200 473 1229; x_wconf 89' lang='lat' dir='ltr'><strong>si</strong></span> <span class='ocrx_word' id='word_1_217' title='bbox 497 1208 531 1229; x_wconf 81' lang='lat' dir='ltr'><strong>cx</strong></span> <span class='ocrx_word' id='word_1_218' title='bbox 549 1200 638 1228; x_wconf 83' lang='lat' dir='ltr'><strong>altero</strong></span> <span class='ocrx_word' id='word_1_219' title='bbox 660 1200 741 1230; x_wconf 87' lang='lat' dir='ltr'><strong>fonte</strong></span> <span class='ocrx_word' id='word_1_220' title='bbox 767 1200 896 1236; x_wconf 83' lang='lat' dir='ltr'><strong>profecta</strong></span> <span class='ocrx_word' id='word_1_221' title='bbox 930 1201 1027 1229; x_wconf 74' lang='lat' dir='ltr'><strong>officia</strong></span> <span class='ocrx_word' id='word_1_222' title='bbox 1057 1204 1187 1228; x_wconf 86' lang='lat' dir='ltr'><strong>accurate</strong></span> <span class='ocrx_word' id='word_1_223' title='bbox 1218 1198 1402 1233; x_wconf 86' lang='lat' dir='ltr'><strong>impleantur.</strong></span> <span class='ocrx_word' id='word_1_224' title='bbox 1442 1195 1490 1225; x_wconf 91' lang='lat' dir='ltr'><strong>Sic</strong></span> <span class='ocrx_word' id='word_1_225' title='bbox 1517 1196 1615 1225; x_wconf 85' lang='lat' dir='ltr'><strong>studio</strong></span> <span class='ocrx_word' id='word_1_226' title='bbox 1645 1205 1713 1226; x_wconf 87' lang='lat' dir='ltr'><strong>suae</strong></span> <span class='ocrx_word' id='word_1_227' title='bbox 1733 1197 1776 1227; x_wconf 82' lang='lat' dir='ltr'><strong>fe·</strong></span> 
     </span>
     <span class='ocr_line' id='line_1_22' title="bbox 268 1248 1778 1287; baseline 0 -7"><span class='ocrx_word' id='word_1_228' title='bbox 268 1250 387 1281; x_wconf 89' lang='lat' dir='ltr'><strong>licitatis</strong></span> <span class='ocrx_word' id='word_1_229' title='bbox 421 1251 563 1287; x_wconf 88' lang='lat' dir='ltr'><strong>augendae</strong></span> <span class='ocrx_word' id='word_1_230' title='bbox 598 1251 690 1280; x_wconf 86' lang='lat' dir='ltr'><strong>multo</strong></span> <span class='ocrx_word' id='word_1_231' title='bbox 722 1252 825 1280; x_wconf 85' lang='lat' dir='ltr'><strong>melius</strong></span> <span class='ocrx_word' id='word_1_232' title='bbox 865 1251 968 1280; x_wconf 79' lang='lat' dir='ltr'><strong>satisfit</strong></span> <span class='ocrx_word' id='word_1_233' title='bbox 986 1272 996 1286; x_wconf 90' lang='lat'><strong>,</strong></span> <span class='ocrx_word' id='word_1_234' title='bbox 1024 1251 1143 1280; x_wconf 84' lang='lat' dir='ltr'><strong>aliorum</strong></span> <span class='ocrx_word' id='word_1_235' title='bbox 1173 1248 1390 1284; x_wconf 84' lang='lat' dir='ltr'><strong>benevolentia,</strong></span> <span class='ocrx_word' id='word_1_236' title='bbox 1412 1249 1624 1285; x_wconf 81' lang='lat' dir='ltr'><strong>propensione,</strong></span> <span class='ocrx_word' id='word_1_237' title='bbox 1652 1250 1778 1280; x_wconf 86' lang='lat' dir='ltr'><strong>amicitia</strong></span> 
     </span>
     <span class='ocr_line' id='line_1_23' title="bbox 271 1298 1774 1338; baseline 0 -7"><span class='ocrx_word' id='word_1_238' title='bbox 271 1302 357 1331; x_wconf 89' lang='lat' dir='ltr'><strong>nobis</strong></span> <span class='ocrx_word' id='word_1_239' title='bbox 380 1301 419 1330; x_wconf 92' lang='lat' dir='ltr'><strong>ita</strong></span> <span class='ocrx_word' id='word_1_240' title='bbox 444 1301 641 1337; x_wconf 88' lang='lat' dir='ltr'><strong>concilianda,</strong></span> <span class='ocrx_word' id='word_1_241' title='bbox 670 1308 704 1330; x_wconf 93' lang='lat' dir='ltr'><strong>ut</strong></span> <span class='ocrx_word' id='word_1_242' title='bbox 725 1308 829 1330; x_wconf 83' lang='lat' dir='ltr'><strong>nostro</strong></span> <span class='ocrx_word' id='word_1_243' title='bbox 853 1302 922 1330; x_wconf 88' lang='lat' dir='ltr'><strong>usui</strong></span> <span class='ocrx_word' id='word_1_244' title='bbox 942 1302 1115 1330; x_wconf 83' lang='lat' dir='ltr'><strong>inserviant:</strong></span> <span class='ocrx_word' id='word_1_245' title='bbox 1144 1301 1238 1329; x_wconf 86' lang='lat' dir='ltr'><strong>multo</strong></span> <span class='ocrx_word' id='word_1_246' title='bbox 1268 1298 1357 1335; x_wconf 85' lang='lat' dir='ltr'><strong>magis</strong></span> <span class='ocrx_word' id='word_1_247' title='bbox 1384 1298 1465 1327; x_wconf 84' lang='lat' dir='ltr'><strong>etiam</strong></span> <span class='ocrx_word' id='word_1_248' title='bbox 1486 1299 1571 1328; x_wconf 90' lang='lat' dir='ltr'><strong>nobis</strong></span> <span class='ocrx_word' id='word_1_249' title='bbox 1596 1308 1774 1338; x_wconf 87' lang='lat' dir='ltr'><strong>prosumus,</strong></span> 
     </span>
     <span class='ocr_line' id='line_1_24' title="bbox 265 1349 1774 1388; baseline -0.001 -6"><span class='ocrx_word' id='word_1_250' title='bbox 265 1361 333 1382; x_wconf 78' lang='lat' dir='ltr'><strong>cum</strong></span> <span class='ocrx_word' id='word_1_251' title='bbox 356 1352 572 1382; x_wconf 89' lang='lat' dir='ltr'><strong>consociatione</strong></span> <span class='ocrx_word' id='word_1_252' title='bbox 595 1358 670 1381; x_wconf 87' lang='lat' dir='ltr'><strong>certa</strong></span> <span class='ocrx_word' id='word_1_253' title='bbox 692 1352 830 1388; x_wconf 84' lang='lat' dir='ltr'><strong>praesidia</strong></span> <span class='ocrx_word' id='word_1_254' title='bbox 855 1358 882 1380; x_wconf 91' lang='lat' dir='ltr'><strong>et</strong></span> <span class='ocrx_word' id='word_1_255' title='bbox 913 1352 1018 1380; x_wconf 83' lang='lat' dir='ltr'><strong>auxilia</strong></span> <span class='ocrx_word' id='word_1_256' title='bbox 1045 1351 1121 1379; x_wconf 83' lang='lat' dir='ltr'><strong>vitae</strong></span> <span class='ocrx_word' id='word_1_257' title='bbox 1148 1351 1233 1380; x_wconf 89' lang='lat' dir='ltr'><strong>nobis</strong></span> <span class='ocrx_word' id='word_1_258' title='bbox 1258 1358 1388 1386; x_wconf 88' lang='lat' dir='ltr'><strong>paramus</strong></span> <span class='ocrx_word' id='word_1_259' title='bbox 1410 1349 1567 1378; x_wconf 78' lang='lat' dir='ltr'><strong>necessaria</strong></span> <span class='ocrx_word' id='word_1_260' title='bbox 1585 1358 1616 1378; x_wconf 91' lang='lat' dir='ltr'><strong>ac</strong></span> <span class='ocrx_word' id='word_1_261' title='bbox 1631 1351 1774 1387; x_wconf 85' lang='lat' dir='ltr'><strong>jucunda:</strong></span> 
     </span>
     <span class='ocr_line' id='line_1_25' title="bbox 270 1400 1778 1441; baseline -0.001 -8"><span class='ocrx_word' id='word_1_262' title='bbox 270 1405 510 1440; x_wconf 85' lang='lat' dir='ltr'><strong>occasionemque</strong></span> <span class='ocrx_word' id='word_1_263' title='bbox 525 1404 707 1440; x_wconf 89' lang='lat' dir='ltr'><strong>quaerimus,</strong></span> <span class='ocrx_word' id='word_1_264' title='bbox 728 1403 915 1441; x_wconf 77' lang='lat' dir='ltr'><strong>conjunctius</strong></span> <span class='ocrx_word' id='word_1_265' title='bbox 939 1409 965 1431; x_wconf 90' lang='lat' dir='ltr'><strong>et</strong></span> <span class='ocrx_word' id='word_1_266' title='bbox 982 1402 1092 1430; x_wconf 87' lang='lat' dir='ltr'><strong>firmius</strong></span> <span class='ocrx_word' id='word_1_267' title='bbox 1108 1409 1163 1430; x_wconf 90' lang='lat' dir='ltr'><strong>nos</strong></span> <span class='ocrx_word' id='word_1_268' title='bbox 1185 1401 1249 1430; x_wconf 88' lang='lat' dir='ltr'><strong>aliis</strong></span> <span class='ocrx_word' id='word_1_269' title='bbox 1273 1400 1454 1437; x_wconf 80' lang='lat' dir='ltr'><strong>adjungendi.</strong></span> <span class='ocrx_word' id='word_1_270' title='bbox 1494 1400 1631 1429; x_wconf 89' lang='lat' dir='ltr'><strong>Divinum</strong></span> <span class='ocrx_word' id='word_1_271' title='bbox 1654 1402 1778 1438; x_wconf 89' lang='lat' dir='ltr'><strong>denique</strong></span> 
     </span>
     <span class='ocr_line' id='line_1_26' title="bbox 268 1451 1777 1495; baseline -0.001 -11"><span class='ocrx_word' id='word_1_272' title='bbox 268 1463 395 1490; x_wconf 85' lang='lat' dir='ltr'><strong>numen,</strong></span> <span class='ocrx_word' id='word_1_273' title='bbox 424 1463 459 1483; x_wconf 85' lang='lat' dir='ltr'><strong>ex</strong></span> <span class='ocrx_word' id='word_1_274' title='bbox 486 1456 571 1492; x_wconf 83' lang='lat' dir='ltr'><strong>qu&#39;us</strong></span> <span class='ocrx_word' id='word_1_275' title='bbox 601 1455 750 1484; x_wconf 86' lang='lat' dir='ltr'><strong>voluntate</strong></span> <span class='ocrx_word' id='word_1_276' title='bbox 780 1454 873 1483; x_wconf 84' lang='lat' dir='ltr'><strong>omnis</strong></span> <span class='ocrx_word' id='word_1_277' title='bbox 903 1453 1026 1481; x_wconf 86' lang='lat' dir='ltr'><strong>humana</strong></span> <span class='ocrx_word' id='word_1_278' title='bbox 1060 1452 1234 1495; x_wconf 86' lang='lat' dir='ltr'><strong>constitutio</strong></span> <span class='ocrx_word' id='word_1_279' title='bbox 1263 1451 1400 1480; x_wconf 84' lang='lat' dir='ltr'><strong>naturalis</strong></span> <span class='ocrx_word' id='word_1_280' title='bbox 1428 1451 1532 1487; x_wconf 87' lang='lat' dir='ltr'><strong>pendet</strong></span> <span class='ocrx_word' id='word_1_281' title='bbox 1550 1472 1560 1486; x_wconf 88' lang='lat'><strong>,</strong></span> <span class='ocrx_word' id='word_1_282' title='bbox 1589 1452 1664 1481; x_wconf 87' lang='lat' dir='ltr'><strong>nihil</strong></span> <span class='ocrx_word' id='word_1_283' title='bbox 1686 1455 1777 1490; x_wconf 83' lang='lat' dir='ltr'><strong>magis</strong></span> 
     </span>
     <span class='ocr_line' id='line_1_27' title="bbox 268 1493 1775 1542; baseline -0.001 -7"><span class='ocrx_word' id='word_1_284' title='bbox 268 1506 360 1542; x_wconf 88' lang='lat' dir='ltr'><strong>velit,</strong></span> <span class='ocrx_word' id='word_1_285' title='bbox 381 1514 465 1542; x_wconf 85' lang='lat' dir='ltr'><strong>quam</strong></span> <span class='ocrx_word' id='word_1_286' title='bbox 486 1513 518 1534; x_wconf 92' lang='lat' dir='ltr'><strong>ut</strong></span> <span class='ocrx_word' id='word_1_287' title='bbox 544 1505 622 1535; x_wconf 88' lang='lat' dir='ltr'><strong>illius</strong></span> <span class='ocrx_word' id='word_1_288' title='bbox 641 1505 861 1536; x_wconf 86' lang='lat' dir='ltr'><strong>constitutionis</strong></span> <span class='ocrx_word' id='word_1_289' title='bbox 887 1493 998 1541; x_wconf 51' lang='lat' dir='ltr'><strong>lessibus</strong></span> <span class='ocrx_word' id='word_1_290' title='bbox 1029 1503 1224 1538; x_wconf 86' lang='lat' dir='ltr'><strong>obsequatur,</strong></span> <span class='ocrx_word' id='word_1_291' title='bbox 1254 1508 1287 1530; x_wconf 88' lang='lat' dir='ltr'><strong>ut</strong></span> <span class='ocrx_word' id='word_1_292' title='bbox 1308 1501 1384 1536; x_wconf 90' lang='lat' dir='ltr'><strong>sibi,</strong></span> <span class='ocrx_word' id='word_1_293' title='bbox 1412 1501 1492 1537; x_wconf 88' lang='lat' dir='ltr'><strong>aliis,</strong></span> <span class='ocrx_word' id='word_1_294' title='bbox 1514 1502 1665 1539; x_wconf 89' lang='lat' dir='ltr'><strong>societati,</strong></span> <span class='ocrx_word' id='word_1_295' title='bbox 1688 1504 1775 1535; x_wconf 88' lang='lat' dir='ltr'><strong>homo</strong></span> 
     </span>
     <span class='ocr_line' id='line_1_28' title="bbox 269 1552 1778 1593; baseline -0.005 -6"><span class='ocrx_word' id='word_1_296' title='bbox 269 1558 427 1593; x_wconf 69' lang='lat' dir='ltr'><strong>inserviat,</strong></span> <span class='ocrx_word' id='word_1_297' title='bbox 461 1564 488 1586; x_wconf 90' lang='lat' dir='ltr'><strong>et</strong></span> <span class='ocrx_word' id='word_1_298' title='bbox 510 1557 620 1585; x_wconf 88' lang='lat' dir='ltr'><strong>homini</strong></span> <span class='ocrx_word' id='word_1_299' title='bbox 646 1556 708 1593; x_wconf 75' lang='lat' dir='ltr'><strong>ipsiv</strong></span> <span class='ocrx_word' id='word_1_300' title='bbox 727 1562 870 1585; x_wconf 88' lang='lat' dir='ltr'><strong>momenta</strong></span> <span class='ocrx_word' id='word_1_301' title='bbox 893 1563 992 1584; x_wconf 88' lang='lat' dir='ltr'><strong>natura</strong></span> <span class='ocrx_word' id='word_1_302' title='bbox 1014 1555 1116 1583; x_wconf 88' lang='lat' dir='ltr'><strong>indidit</strong></span> <span class='ocrx_word' id='word_1_303' title='bbox 1131 1575 1142 1589; x_wconf 84' lang='lat'><strong>,</strong></span> <span class='ocrx_word' id='word_1_304' title='bbox 1171 1559 1204 1582; x_wconf 93' lang='lat' dir='ltr'><strong>ut</strong></span> <span class='ocrx_word' id='word_1_305' title='bbox 1233 1552 1378 1582; x_wconf 86' lang='lat' dir='ltr'><strong>voluntati</strong></span> <span class='ocrx_word' id='word_1_306' title='bbox 1403 1552 1533 1588; x_wconf 87' lang='lat' dir='ltr'><strong>divinae,</strong></span> <span class='ocrx_word' id='word_1_307' title='bbox 1561 1559 1705 1590; x_wconf 86' lang='lat' dir='ltr'><strong>tamquam</strong></span> <span class='ocrx_word' id='word_1_308' title='bbox 1728 1565 1778 1586; x_wconf 87' lang='lat' dir='ltr'><strong>su.</strong></span> 
     </span>
     <span class='ocr_line' id='line_1_29' title="bbox 268 1603 1779 1649; baseline 0 -12"><span class='ocrx_word' id='word_1_309' title='bbox 268 1616 381 1645; x_wconf 84' lang='lat' dir='ltr'><strong>premae</strong></span> <span class='ocrx_word' id='word_1_310' title='bbox 401 1613 429 1636; x_wconf 92' lang='lat' dir='ltr'><strong>et</strong></span> <span class='ocrx_word' id='word_1_311' title='bbox 453 1607 607 1649; x_wconf 53' lang='lat' dir='ltr'><strong>praestargi</strong></span> <span class='ocrx_word' id='word_1_312' title='bbox 630 1614 764 1643; x_wconf 88' lang='lat' dir='ltr'><strong>naturae,</strong></span> <span class='ocrx_word' id='word_1_313' title='bbox 796 1607 833 1635; x_wconf 90' lang='lat' dir='ltr'><strong>ob</strong></span> <span class='ocrx_word' id='word_1_314' title='bbox 861 1607 889 1635; x_wconf 86' lang='lat' dir='ltr'><strong>id</strong></span> <span class='ocrx_word' id='word_1_315' title='bbox 912 1606 1026 1643; x_wconf 88' lang='lat' dir='ltr'><strong>ipsum,</strong></span> <span class='ocrx_word' id='word_1_316' title='bbox 1057 1605 1124 1642; x_wconf 84' lang='lat' dir='ltr'><strong>quia</strong></span> <span class='ocrx_word' id='word_1_317' title='bbox 1145 1604 1250 1636; x_wconf 87' lang='lat' dir='ltr'><strong>summi</strong></span> <span class='ocrx_word' id='word_1_318' title='bbox 1276 1603 1403 1635; x_wconf 89' lang='lat' dir='ltr'><strong>numinis</strong></span> <span class='ocrx_word' id='word_1_319' title='bbox 1426 1610 1470 1632; x_wconf 90' lang='lat' dir='ltr'><strong>est</strong></span> <span class='ocrx_word' id='word_1_320' title='bbox 1496 1604 1650 1641; x_wconf 88' lang='lat' dir='ltr'><strong>voluntas,</strong></span> <span class='ocrx_word' id='word_1_321' title='bbox 1676 1606 1724 1643; x_wconf 87' lang='lat' dir='ltr'><strong>pie</strong></span> <span class='ocrx_word' id='word_1_322' title='bbox 1739 1614 1779 1637; x_wconf 22' lang='lat' dir='ltr'><strong>ret</strong></span> 
     </span>
    </p>

    <p class='ocr_par' dir='ltr' id='par_1_9' title="bbox 265 1659 1779 2004">
     <span class='ocr_line' id='line_1_30' title="bbox 265 1659 867 1695; baseline -0.007 -5"><span class='ocrx_word' id='word_1_323' title='bbox 265 1665 366 1691; x_wconf 77' lang='lat' dir='ltr'><strong>sancte</strong></span> <span class='ocrx_word' id='word_1_324' title='bbox 389 1659 577 1695; x_wconf 78' lang='lat' dir='ltr'><strong>obtemperet.</strong></span> <span class='ocrx_word' id='word_1_325' title='bbox 854 1685 867 1692; x_wconf 33' lang='grc' dir='ltr'><strong>Ἰ</strong></span> 
     </span>
     <span class='ocr_line' id='line_1_31' title="bbox 305 1708 1776 1747; baseline 0 -7"><span class='ocrx_word' id='word_1_326' title='bbox 305 1712 404 1747; x_wconf 88' lang='lat' dir='ltr'><strong>Atque</strong></span> <span class='ocrx_word' id='word_1_327' title='bbox 428 1709 469 1738; x_wconf 83' lang='lat' dir='ltr'><strong>ita</strong></span> <span class='ocrx_word' id='word_1_328' title='bbox 491 1718 548 1738; x_wconf 87' lang='lat' dir='ltr'><strong>rem</strong></span> <span class='ocrx_word' id='word_1_329' title='bbox 568 1716 694 1739; x_wconf 83' lang='lat' dir='ltr'><strong>nostram</strong></span> <span class='ocrx_word' id='word_1_330' title='bbox 726 1716 866 1746; x_wconf 86' lang='lat' dir='ltr'><strong>peractam</strong></span> <span class='ocrx_word' id='word_1_331' title='bbox 893 1710 1106 1746; x_wconf 84' lang='lat' dir='ltr'><strong>arbitraremur,</strong></span> <span class='ocrx_word' id='word_1_332' title='bbox 1133 1710 1191 1739; x_wconf 88' lang='lat' dir='ltr'><strong>nisi</strong></span> <span class='ocrx_word' id='word_1_333' title='bbox 1214 1718 1270 1738; x_wconf 87' lang='lat' dir='ltr'><strong>una</strong></span> <span class='ocrx_word' id='word_1_334' title='bbox 1297 1716 1446 1746; x_wconf 88' lang='lat' dir='ltr'><strong>superesse</strong></span> <span class='ocrx_word' id='word_1_335' title='bbox 1478 1708 1620 1737; x_wconf 89' lang='lat' dir='ltr'><strong>videretur</strong></span> <span class='ocrx_word' id='word_1_336' title='bbox 1649 1709 1776 1740; x_wconf 84' lang='lat' dir='ltr'><strong>difficul-</strong></span> 
     </span>
     <span class='ocr_line' id='line_1_32' title="bbox 269 1760 1774 1799; baseline 0 -8"><span class='ocrx_word' id='word_1_337' title='bbox 269 1769 326 1792; x_wconf 83' lang='lat' dir='ltr'><strong>tas.</strong></span> <span class='ocrx_word' id='word_1_338' title='bbox 373 1760 510 1799; x_wconf 88' lang='lat' dir='ltr'><strong>Quaestio</strong></span> <span class='ocrx_word' id='word_1_339' title='bbox 544 1761 619 1789; x_wconf 84' lang='lat' dir='ltr'><strong>enirn</strong></span> <span class='ocrx_word' id='word_1_340' title='bbox 649 1761 684 1790; x_wconf 90' lang='lat' dir='ltr'><strong>ab</strong></span> <span class='ocrx_word' id='word_1_341' title='bbox 714 1760 821 1792; x_wconf 87' lang='lat' dir='ltr'><strong>Ordine</strong></span> <span class='ocrx_word' id='word_1_342' title='bbox 852 1761 1004 1798; x_wconf 85' lang='lat' dir='ltr'><strong>proposita</strong></span> <span class='ocrx_word' id='word_1_343' title='bbox 1034 1769 1094 1790; x_wconf 89' lang='lat' dir='ltr'><strong>non</strong></span> <span class='ocrx_word' id='word_1_344' title='bbox 1128 1767 1254 1797; x_wconf 85' lang='lat' dir='ltr'><strong>quatuor</strong></span> <span class='ocrx_word' id='word_1_345' title='bbox 1285 1767 1319 1788; x_wconf 85' lang='lat' dir='ltr'><strong>ut</strong></span> <span class='ocrx_word' id='word_1_346' title='bbox 1345 1769 1379 1788; x_wconf 84' lang='lat' dir='ltr'><strong>ex</strong></span> <span class='ocrx_word' id='word_1_347' title='bbox 1403 1760 1538 1788; x_wconf 78' lang='lat' dir='ltr'><strong>Cicerone</strong></span> <span class='ocrx_word' id='word_1_348' title='bbox 1564 1767 1774 1796; x_wconf 77' lang='lat' dir='ltr'><strong>exponerentur</strong></span> 
     </span>
     <span class='ocr_line' id='line_1_33' title="bbox 271 1810 1771 1850; baseline -0.001 -7"><span class='ocrx_word' id='word_1_349' title='bbox 271 1813 474 1849; x_wconf 86' lang='lat' dir='ltr'><strong>Philosophiae</strong></span> <span class='ocrx_word' id='word_1_350' title='bbox 496 1812 613 1842; x_wconf 87' lang='lat' dir='ltr'><strong>moralis</strong></span> <span class='ocrx_word' id='word_1_351' title='bbox 632 1813 792 1849; x_wconf 89' lang='lat' dir='ltr'><strong>principia,</strong></span> <span class='ocrx_word' id='word_1_352' title='bbox 813 1813 943 1850; x_wconf 80' lang='lat' dir='ltr'><strong>rogavit,</strong></span> <span class='ocrx_word' id='word_1_353' title='bbox 964 1812 1012 1841; x_wconf 82' lang='lat' dir='ltr'><strong>sed</strong></span> <span class='ocrx_word' id='word_1_354' title='bbox 1035 1813 1069 1841; x_wconf 89' lang='lat' dir='ltr'><strong>de</strong></span> <span class='ocrx_word' id='word_1_355' title='bbox 1091 1820 1151 1841; x_wconf 90' lang='lat' dir='ltr'><strong>uno</strong></span> <span class='ocrx_word' id='word_1_356' title='bbox 1170 1818 1282 1840; x_wconf 88' lang='lat' dir='ltr'><strong>tantum</strong></span> <span class='ocrx_word' id='word_1_357' title='bbox 1306 1810 1450 1846; x_wconf 86' lang='lat' dir='ltr'><strong>principio</strong></span> <span class='ocrx_word' id='word_1_358' title='bbox 1473 1810 1623 1845; x_wconf 85' lang='lat' dir='ltr'><strong>quaesivit.</strong></span> <span class='ocrx_word' id='word_1_359' title='bbox 1655 1812 1771 1847; x_wconf 88' lang='lat' dir='ltr'><strong>(Conf.</strong></span> 
     </span>
     <span class='ocr_line' id='line_1_34' title="bbox 273 1861 1773 1901; baseline -0.001 -9"><span class='ocrx_word' id='word_1_360' title='bbox 273 1864 324 1900; x_wconf 82' lang='lat' dir='ltr'><strong>qui</strong></span> <span class='ocrx_word' id='word_1_361' title='bbox 348 1864 377 1892; x_wconf 89' lang='lat' dir='ltr'><strong>in</strong></span> <span class='ocrx_word' id='word_1_362' title='bbox 397 1865 493 1892; x_wconf 85' lang='lat' dir='ltr'><strong>eodem</strong></span> <span class='ocrx_word' id='word_1_363' title='bbox 513 1863 570 1892; x_wconf 84' lang='lat' dir='ltr'><strong>fere</strong></span> <span class='ocrx_word' id='word_1_364' title='bbox 595 1871 666 1892; x_wconf 83' lang='lat' dir='ltr'><strong>casu</strong></span> <span class='ocrx_word' id='word_1_365' title='bbox 687 1864 854 1892; x_wconf 86' lang='lat' dir='ltr'><strong>versabatur</strong></span> <span class='ocrx_word' id='word_1_366' title='bbox 881 1863 945 1896; x_wconf 73' lang='lat' dir='ltr'><strong>Vir.</strong></span> <span class='ocrx_word' id='word_1_367' title='bbox 968 1864 1015 1894; x_wconf 90' lang='lat' dir='ltr'><strong>Cl.</strong></span> <span class='ocrx_word' id='word_1_368' title='bbox 1039 1863 1131 1899; x_wconf 83' lang='lat' dir='ltr'><strong>Cras,</strong></span> <span class='ocrx_word' id='word_1_369' title='bbox 1155 1863 1236 1891; x_wconf 89' lang='lat' dir='ltr'><strong>Diss.</strong></span> <span class='ocrx_word' id='word_1_370' title='bbox 1261 1862 1395 1898; x_wconf 83' lang='lat' dir='ltr'><strong>superius</strong></span> <span class='ocrx_word' id='word_1_371' title='bbox 1426 1861 1500 1889; x_wconf 85' lang='lat' dir='ltr'><strong>laud.</strong></span> <span class='ocrx_word' id='word_1_372' title='bbox 1531 1869 1562 1896; x_wconf 91' lang='lat' dir='ltr'><strong>p.</strong></span> <span class='ocrx_word' id='word_1_373' title='bbox 1589 1870 1652 1896; x_wconf 87' lang='lat'>¹07·</span> <span class='ocrx_word' id='word_1_374' title='bbox 1675 1865 1773 1901; x_wconf 87' lang='lat' dir='ltr'><strong>sqq.)</strong></span> 
     </span>
     <span class='ocr_line' id='line_1_35' title="bbox 270 1911 1769 1952; baseline 0 -8"><span class='ocrx_word' id='word_1_375' title='bbox 270 1913 380 1944; x_wconf 86' lang='lat' dir='ltr'><strong>Verum</strong></span> <span class='ocrx_word' id='word_1_376' title='bbox 408 1915 449 1944; x_wconf 87' lang='lat' dir='ltr'><strong>nil</strong></span> <span class='ocrx_word' id='word_1_377' title='bbox 479 1923 534 1946; x_wconf 88' lang='lat' dir='ltr'><strong>nos</strong></span> <span class='ocrx_word' id='word_1_378' title='bbox 561 1915 663 1944; x_wconf 86' lang='lat' dir='ltr'><strong>haecce</strong></span> <span class='ocrx_word' id='word_1_379' title='bbox 688 1914 813 1952; x_wconf 75' lang='lat' dir='ltr'><strong>obJectio</strong></span> <span class='ocrx_word' id='word_1_380' title='bbox 844 1921 979 1945; x_wconf 86' lang='lat' dir='ltr'><strong>moretur.</strong></span> <span class='ocrx_word' id='word_1_381' title='bbox 1021 1915 1108 1945; x_wconf 80' lang='lat' dir='ltr'><strong>Initio</strong></span> <span class='ocrx_word' id='word_1_382' title='bbox 1137 1913 1225 1951; x_wconf 87' lang='lat' dir='ltr'><strong>hujus</strong></span> <span class='ocrx_word' id='word_1_383' title='bbox 1247 1911 1368 1949; x_wconf 87' lang='lat' dir='ltr'><strong>capitis,</strong></span> <span class='ocrx_word' id='word_1_384' title='bbox 1399 1911 1636 1948; x_wconf 83' lang='lat' dir='ltr'><strong>quemadmodum</strong></span> <span class='ocrx_word' id='word_1_385' title='bbox 1655 1920 1683 1942; x_wconf 90' lang='lat' dir='ltr'><strong>et</strong></span> <span class='ocrx_word' id='word_1_386' title='bbox 1705 1922 1769 1951; x_wconf 86' lang='lat' dir='ltr'><strong>cap.</strong></span> 
     </span>
     <span class='ocr_line' id='line_1_36' title="bbox 1723 1976 1779 2004; baseline 0.018 -8"><span class='ocrx_word' id='word_1_387' title='bbox 1723 1976 1779 2004; x_wconf 71' lang='lat' dir='ltr'><strong>jam</strong></span> 
     </span>
    </p>
   </div>
   <div class='ocr_carea' id='block_1_7' title="bbox 1863 396 1913 2427">
    <p class='ocr_par' dir='ltr' id='par_1_10' title="bbox 1863 396 1913 2427">
     <span class='ocr_line' id='line_1_37' title="bbox 1863 396 1913 2427; baseline 0 0"><span class='ocrx_word' id='word_1_388' title='bbox 1863 396 1913 2427; x_wconf 95' lang='lat' dir='ltr'><strong> </strong></span> 
     </span>
    </p>
   </div>
  </div>
 </body>
</html>
