1913 2427
240 141 279 175 16
607 142 998 174 FREDERICI
1062 142 1378 194 EGEILING

244 234 418 265 opponunt,
454 227 549 263 qualia
576 228 685 257 auferre
707 236 766 256 non
791 228 927 258 valemus,
975 228 1022 257 Sic
1045 230 1255 265 paracenthesis
1283 230 1312 259 in
1333 231 1462 267 hydrope
1483 232 1584 262 ascite,-
1599 252 1609 268 ,
1640 235 1753 270 quando

243 279 355 308 scilicet
383 279 454 308 hanc
486 280 677 315 operationem
707 286 842 315 tanquam
875 279 1073 309 indicationem
1100 281 1298 318 mitigator-iam
1327 279 1610 317 spectamus‚'tunc
1636 288 1752 314 'tanturn

244 330 440 365 instituenda,
463 331 577 366 quando
599 331 695 359 omnia
720 331 775 366 jam
798 331 918 360 remedia
940 331 1000 361 sine
1018 338 1129 369 sperato
1150 332 1252 361 effectu
1277 338 1346 361 sunt
1367 333 1539 369 propinata,
1563 341 1651 371 atque
1668 335 1755 372 igitur

247 381 340 410 omnis
362 381 518 410 curationis
539 391 603 419 spes
627 389 671 412 est
691 382 790 411 deleta.
1748 394 1753 406 ’

269 480 471 518 ‘Multiplices
492 484 594 512 dantur
618 484 711 520 ipsius
742 484 925 514 indicationis
958 486 1178 521 distinctiones,
1208 493 1328 521 quarum
1354 486 1493 522 plurimae
1527 486 1598 522 quid
1625 486 1681 516 sibi
1698 495 1754 516 -ve-

244 534 318 571 lint,
340 542 390 570 per
413 542 444 562 se
465 541 557 570 patet,
578 535 667 571 aliae,
689 544 779 572 quum
803 537 966 565 memoriam
986 543 1097 565 tantum
1122 543 1258 572 onerent,
1286 536 1401 565 minime
1424 538 1597 566 necessariae
1620 538 1692 566 mihi
1711 539 1755 567 vi-

243 584 356 614 dentur.
398 585 514 614 Dicitur
533 586 670 615 indicatio
693 597 764 617 vera
787 596 819 616 ac
838 593 922 623 tum,
945 588 1059 623 quando
1074 589 1146 616 clara
1161 594 1230 617 sunt
1244 588 1400 618 indicantia
1417 597 1447 617 ac
1465 589 1631 626 manifesta3
1658 591 1756 628 opina·

243 636 309 664 hilis
332 645 399 665 vero
419 642 445 665 et
460 636 566 673 fallax
588 643 726 673 vocatur,
748 639 862 674 quando
879 638 1092 675 hypothesibus
1115 641 1161 668 vel
1183 640 1352 668 commentis
1375 640 1480 669 nititur
1502 641 1564 676 ipsa
1595 639 1751 675 indicati03

243 688 436 722 simultanea‚
458 688 573 722 quando
595 688 731 717 omnibus
755 689 948 718 indicantibus
968 691 1062 718 eodem
1083 695 1212 726 tempore
1229 691 1353 726 satisfit3
1383 693 1540 720 successiva
1557 694 1645 725 vero,
1667 697 1760 726 quan»

243 738 281 766 do
306 738 480 767 contrarium
495 738 623 774 obtinet,
648 740 689 769 sic
704 738 1013 775 memoraturquoque
1034 740 1169 768 indicatio
1188 741 1322 778 perfecta
1337 748 1364 770 et
1379 743 1568 779 imperfecta,-
1588 742 1710 778 simplex
1729 745 1758 769 et

243 791 398 827 composita
416 800 427 825 ‚·
456 789 584 818 mediam
608 796 636 818 et
660 791 845 826 immediata,
868 797 940 820 caet.
989 790 1035 819 Ad
1058 790 1107 819 has
1141 790 1342 820 distinctiones
1368 800 1402 820 ex
1423 800 1484 820 mea
1506 791 1644 827 opinione
1664 791 1754 828 probe

241 840 337 868 referri
353 840 448 876 possit
462 840 602 869 indicatio
627 851 749 879 urgens,
771 850 828 878 qua
847 841 1094 877 denominatione,
1115 841 1158 870 uti
1179 842 1324 878 vidimus,
1345 842 1463 879 plurimi
1491 848 1621 872 auctores
1642 848 1755 872 tantum

240 890 443 920 indicationem
469 892 718 928 symptomaticam
739 893 899 930 designant.
1706 901 1724 906 ”

278 942 374 970 Multa
395 942 531 978 teguntur
553 943 586 972 de
610 944 709 972 harum
729 944 935 973 indicationum
959 945 1034 973 varia
1058 944 1212 982 dignitate.
1260 945 1328 982 Ipse
1348 946 1404 982 jam
1425 951 1506 974 antea
1526 945 1615 974 verbo
1637 944 1755 981 monui,

239 993 445 1022 indicationem
469 994 582 1022 vitalem
607 1003 669 1023 esse
685 995 900 1032 dignissimam3
924 996 1004 1032 quod
1016 1001 1043 1024 et
1058 995 1142 1024 facile
1158 1002 1234 1032 patet
1252 995 1358 1032 cuique
1374 997 1586 1031 consideranti,
1608 997 1705 1032 quod,
1726 995 1754 1024 si

238 1044 305 1072 huic
327 1044 495 1075 indicationi
519 1053 578 1074 non
606 1046 835 1083 obtemperetur,
863 1053 891 1075 et
915 1047 961 1075 vis
985 1046 1081 1075 vitalis
1108 1047 1144 1075 ad
1166 1047 1255 1076 istum
1282 1048 1399 1084 gradum
1425 1047 1620 1081 diminuatur,
1651 1052 1684 1074 ut
1711 1045 1756 1074 in-

237 1095 379 1124 sufficiens
402 1095 441 1124 sit
465 1096 500 1125 ad
520 1096 606 1125 vitam
630 1097 721 1134 ipsam
740 1098 861 1127 ulterius
885 1098 1102 1134 protrahendam
1117 1118 1127 1133 ‚
1155 1098 1189 1126 de
1213 1098 1272 1127 vita
1297 1105 1391 1127 actum
1417 1098 1475 1134 sit,
1503 1104 1531 1126 et
1553 1096 1674 1126 remedia
1695 1094 1757 1125 sine

237 1147 298 1176 vita
315 1146 388 1175 nihil
402 1155 524 1183 prorsus
537 1149 659 1177 valeant.
700 1149 822 1178 Maximi
836 1149 925 1186 igitur
939 1150 1075 1178 momenti
1093 1157 1278 1185 summaeque
1291 1149 1440 1186 dignitatis
1457 1155 1500 1178 est
1516 1149 1584 1177 haec
1598 1147 1754 1182 indicatio,
1781 1183 1784 1185 ι

238 1204 267 1226 et
287 1206 398 1234 semper
413 1199 578 1235 cuicunque
593 1200 659 1236 alii,
681 1209 753 1236 quae
771 1209 859 1237 aeque
875 1200 1006 1238 urgentia
1019 1206 1142 1237 praestat
1164 1200 1340 1236 indicantia,
1355 1207 1400 1229 est
1417 1199 1625 1236 anteponenda.
1645 1216 1649 1219 -
1666 1197 1755 1236 Quod

239 1249 342 1277 attinet
369 1249 404 1278 ad
428 1250 553 1285 reliquas
581 1257 637 1280 tres
661 1252 877 1288 indicationes;
905 1253 1004 1281 harum
1025 1260 1078 1288 pro
1105 1252 1191 1280 variis
1214 1252 1437 1281 circumstantiis
1467 1251 1549 1280 etiam
1578 1249 1654 1279 varia
1683 1248 1757 1278 mihi

237 1299 350 1329 videtur
370 1308 434 1328 esse
450 1300 591 1336 dignitas,
613 1302 722 1338 quippe
739 1312 812 1339 quae
827 1304 964 1339 dependet
982 1312 997 1331 a
1017 1303 1094 1331 varia
1105 1303 1260 1339 dignitate,
1283 1303 1428 1340 periculo,
1450 1302 1638 1339 praestantia,
1658 1308 1759 1330 nume-

240 1360 292 1386 ro,
319 1356 392 1379 caet.
424 1350 629 1387 indicantium3
656 1352 694 1381 ita
715 1359 747 1382 ut
769 1354 870 1382 harum
894 1354 1072 1389 singularum
1099 1353 1306 1382 indicationum
1335 1353 1506 1388 praestantia
1532 1351 1647 1380 minIme
1667 1351 1758 1380 deter-

238 1401 338 1430 minari
358 1400 472 1436 possit,
496 1407 523 1429 et
545 1401 630 1430 hodie
654 1402 720 1438 illa,
748 1404 872 1432 crastino
896 1403 941 1432 die
962 1404 1048 1431 altera
1062 1423 1072 1438 ‚
1095 1403 1135 1432 sit
1161 1404 1311 1439 replenda,
1340 1411 1429 1438 quum
1455 1402 1654 1431 difficillimum
1674 1410 1756 1439 saepe

241 1453 282 1481 sit
303 1451 481 1489 dijiidicatu,
502 1460 638 1487 quaenam
655 1455 815 1490 praevalere
831 1462 941 1490 semper
963 1454 1072 1484 debeat.
1114 1454 1246 1483 Attamen
1274 1453 1409 1482 indicatio
1433 1453 1668 1490 symptomatica,
1688 1454 1757 1482 licet

239 1502 346 1532 summi
369 1511 488 1538 quoque
508 1504 646 1533 momenti
666 1505 695 1533 in
714 1505 856 1542 Therapia
876 1505 998 1542 generali
1021 1506 1078 1541 sit,
1098 1504 1181 1540 eique
1198 1504 1254 1533 soli
1274 1504 1495 1545 obtemperando
1515 1505 1580 1533 licet
1600 1503 1756 1540 aliquando

238 1553 374 1582 omnibus
403 1554 519 1582 caeteris
550 1554 776 1585 indicationibus
804 1556 936 1585 satisfieri
963 1557 1076 1593 possit3
1105 1564 1195 1591 quum
1222 1561 1316 1584 tamen
1344 1564 1403 1584 non
1429 1555 1525 1584 omnia
1553 1555 1654 1590 tollat,
1682 1562 1756 1590 quae

239 1611 350 1641 praeter
371 1611 499 1634 naturam
527 1612 614 1642 sunt,
643 1607 692 1635 sed
720 1607 770 1636 uni
792 1613 903 1636 tantum
932 1607 1118 1644 symptomati
1137 1607 1304 1642 medeatur,
1329 1613 1358 1635 et
1382 1607 1514 1635 morbum
1544 1612 1683 1635 caeterum
1711 1606 1755 1635 in-

239 1662 347 1696 tactum
376 1655 534 1692 relinquat,
561 1665 595 1685 ex
621 1665 680 1686 mea
697 1658 834 1695 opinione
852 1658 989 1696 dignitate
1011 1658 1074 1687 aliis
1096 1657 1321 1687 indicationibus
1338 1658 1435 1686 cedere
1454 1657 1548 1686 debet.
1590 1656 1621 1685 Si
1636 1664 1753 1692 quaeras

240 1713 335 1735 tamen
351 1707 478 1743 aliquam
498 1716 591 1736 earum
610 1709 709 1744 quoad
730 1710 836 1738 variam
855 1709 1040 1747 dignitatem,
1061 1708 1232 1738 differentiae
1253 1708 1504 1743 exIstimationem‚
1526 1707 1652 1736 ordinem
1671 1707 1752 1743 equi-

238 1758 301 1786 dem
330 1758 410 1786 illum
440 1767 620 1795 proponam,
650 1768 733 1795 quem
759 1761 788 1790 in
819 1760 931 1789 illarum
961 1759 1143 1796 expositione
1167 1766 1284 1789 secutus
1309 1768 1395 1795 sum,
1424 1760 1462 1788 ita
1486 1765 1519 1787 ut
1541 1758 1627 1794 prImi
1648 1757 1756 1788 ordinis

240 1809 280 1837 sit
300 1808 435 1838 indicatio
456 1810 570 1846 vitalis,
594 1811 727 1843 secundi,
755 1811 891 1840 indicatio
912 1811 1149 1848 prophylactica,
1170 1811 1270 1846 tertii,
1293 1809 1431 1839 indicatio
1448 1808 1589 1838 curatoria
1610 1815 1638 1837 et
1661 1807 1757 1844 quarti

244 1859 368 1894 denique
392 1861 500 1889 ordinis
527 1860 664 1890 indicatio
689 1862 918 1898 symptomatica.

276 1909 389 1939 Omnes
411 1918 502 1940 autem
528 1912 713 1942 indicationes
732 1913 852 1942 naturali
873 1915 995 1949 quodam
1026 1914 1143 1943 vinculo
1167 1913 1238 1942 inter
1261 1921 1291 1942 se
1314 1912 1494 1949 iunguntur,
1524 1919 1615 1947 quum
1642 1917 1755 1939 versen-

239 1968 289 1991 tur
311 1970 411 1992 omnes
435 1962 464 1992 in
485 1969 565 1993 statu
590 1965 822 2001 praeternaturali
847 1966 1021 2003 avertendo,
1048 1971 1076 1995 et
1097 1965 1142 1994 vel
1163 1964 1280 1993 morbos
1305 1962 1496 2000 praecavendo
1528 1961 1572 1991 vel
1604 1960 1752 1995 sanitatem

1714 2017 1755 2040 re·
