1913 2427
219 133 264 176 2‘6
456 131 1384 174 -'s.n.·'rrtonnncx·n

228 249 248 267 „
267 235 323 259 est.
361 227 424 259 Nec
443 234 536 259 tamen
560 237 613 266 ego
636 227 662 257 is
688 235 773 263 sum,
795 225 847 263 qui
867 223 941 254 nihil
965 232 1092 261 unquam
1115 222 1180 252 falsi
1200 222 1375 259 approbem,
1397 220 1449 258 qui
1470 229 1618 259 nunquam
1642 224 1751 259 adsenq·

231 302 251 318 „
266 281 358 318 tiam,
379 281 429 317 qui
454 281 528 310 nihil
551 279 690 316 opiner.”

264 333 362 362 ‘Hisce
384 332 533 369 explicatis
556 338 584 360 et
606 330 772 368 perpensis,
802 327 1016 364 intelligemus,
1041 327 1190 363 quomodo
1221 326 1335 360 Cicero,
1364 331 1475 355 servata
1505 325 1678 364 Philosophi
1703 328 1752 358 di.

232 385 341 422 gnitate
364 390 393 413 et
407 382 588 417 constantia,
609 382 734 411 diversas
752 380 841 417 prima
859 380 972 416 specie,
993 387 1027 408 ex
1042 378 1162 407 diversis
1178 376 1429 413 cettedisciplinis
1447 378 1612 414 desumtas‚
1625 386 1751 414 ¹senten-

233 436 288 464 tias
310 436 457 464 defendere
478 430 619 471 potuerit:
641 434 726 470 cujus
746 432 784 461 rei
806 440 891 460 causa
907 430 1034 467 patebit,
1056 430 1208 467 praecipue
1229 429 1353 458 adducto
1372 428 1424 457 illo
1445 429 1511 458 loco
1535 429 1632 460 Acad.
1652 431 1692 460 11.
1713 439 1743 469 3.

232 494 313 516 antea
335 488 392 524 jam
416 486 522 515 citato:
553 506 576 521 „
595 484 659 513 Nec
677 485 756 513 vinter
778 492 832 513 nos
853 490 880 512 et
903 491 971 517 eos,
992 481 1044 518 qui
1068 491 1099 510 se
1124 481 1197 510 scire
1220 480 1411 516 arbitrantur,
1434 480 1586 517 quicquam
1609 481 1746 520 interest,

238 530 258 574 „
278 538 335 567 nisi
357 538 435 573 quod
459 537 502 565 illi
523 545 582 566 non
609 536 758 571 dubitant,
780 535 850 571 quin
871 543 901 563 ea
923 542 988 562 vera
1010 533 1086 569 sint,
1116 540 1187 568 quae
1209 531 1382 561 defendunt:
1413 540 1468 560 nos
1488 533 1649 569 probabilia
1672 535 1749 573 mul?

238 610 257 626 ,‚
278 596 307 618 ta
337 589 493 624 habemus,
517 597 588 624 quae
611 588 695 624 sequi
716 587 818 622 facile,
847 587 981 615 affirmare
1000 585 1048 614 vix
1070 592 1241 621 possumus.
1281 582 1346 612 Hoc
1366 590 1459 612 autem
1484 583 1632 613 liberiores
1651 591 1679 613 et
1701 593 1754 615 so·

237 662 256 677 ,‚
277 633 396 670 luti'ores
415 649 535 675 sumus,
557 641 637 676 quod
661 640 768 675 integra
789 638 875 667 nobis
902 644 944 667 est
960 637 1106 674 Judicandi
1129 642 1275 672 potestas:
1305 643 1356 663 nec
1376 641 1409 663 ut
1437 634 1548 669 omnia,
1576 644 1647 672 quae
1668 644 1749 673 prae-

236 714 255 728 „
277 693 403 729 scripta,
425 699 453 720 et
476 691 558 729 quasi
578 691 711 726 imperata
736 690 813 725 sint,
835 689 1037 723 defendamus,
1058 687 1227 716 necessitate
1250 687 1307 714 ulla
1330 685 1472 722 cogimur.
1482 685 1501 696 ”
1541 686 1588 715 Sic
1613 695 1639 715 e.
1664 696 1692 725 g.
1714 688 1746 719 in

234 744 316 773 Tusa.
337 744 459 781 Qtsaest.
477 751 511 771 an
528 742 620 770 virtus
637 742 671 769 ad
692 741 801 769 beatam
821 740 907 769 vitam
934 748 965 768 se
985 740 1047 774 ipsa
1069 744 1204 767 contenta
1223 737 1261 766 sit
1286 737 1366 773 (vid.
1384 737 1421 767 V.
1446 748 1490 767 10.
1514 746 1561 767 11.
1583 740 1673 776 29.)‚
1700 739 1750 769 Ci-

231 803 297 824 cero
321 804 386 823 cum
408 793 515 823 Stoicis
545 793 666 821 maxime
692 791 801 827 faeere,
823 800 980 827 eorumque
1000 790 1192 818 defensionem
1215 788 1358 824 suscipere
1373 796 1503 825 poterat,
1530 810 1554 825 „
1575 797 1608 818 ut
1626 791 1751 821 homun-

235 866 255 882 ,‚
276 847 362 875 culus
387 854 464 874 unus
488 854 503 873 e
526 844 647 880 multis,
677 842 836 879 probabilia
861 843 1024 878 conjectura
1045 849 1185 877 sequens;
1224 841 1314 875 ultra,
1338 848 1396 875 quo
1419 840 1636 877 progrediatur,
1658 850 1746 881 quam

234 918 254 933 „
276 905 308 926 ut
332 896 498 926 verisimilia
523 896 633 930 videat,
663 903 722 923 non
745 894 851 922 habens
862 893 893 928 ,'’
922 893 1026 929 (Tmc.
1049 892 1090 929 Q.
1112 892 1136 919 Ι.
1157 893 1209 929 9.)
1234 899 1293 919 eam
1321 891 1358 919 ob
1384 900 1518 927 causam,
1548 892 1615 928 quia
1648 893 1682 922 ab
1715 901 1747 924 ea

231 956 310 986 parte
340 948 433 977 Stoici
470 947 591 976 maxime
615 945 774 983 probabilia
804 945 910 973 tradere
934 944 991 980 ipsi
1019 943 1186 972 videbantur
1203 964 1213 978 ,
1241 950 1399 978 eorumque
1433 943 1462 971 in
1494 944 1544 972 hac
1579 945 1748 979 quaestione

230 1000 355 1029 rationes
381 1005 512 1028 excutere
533 997 662 1027 volebat.
702 997 812 1025 Eodem
838 996 924 1024 modo
950 995 979 1023 in
1001 994 1191 1030 Philosophia
1216 993 1333 1028 morali,
1354 999 1381 1021 et
1401 993 1531 1022 doctrina
1555 995 1589 1022 de
1615 995 1747 1033 finibus,

229 1051 334 1080 sentire
358 1059 424 1079 cum
447 1048 643 1085 Peripateticis
666 1054 693 1076 et
722 1047 824 1075 Pisone
845 1046 870 1075 ei
898 1046 1017 1075 licebat:
1046 1045 1131 1082 cujus
1160 1045 1198 1073 rei
1225 1044 1360 1073 rationem
1395 1045 1457 1080 ipse
1482 1044 1582 1073 Pisom'
1607 1047 1744 1082 exponit:

228 1102 287 1139 (de
306 1102 374 1130 Fin.
399 1101 438 1130 V.
461 1101 534 1138 26.)
576 1120 595 1135 „
613 1099 720 1129 Nonne
741 1097 895 1127 meministi
920 1097 991 1126 mihi
1015 1098 1099 1126 licere
1122 1096 1243 1133 probare
1266 1096 1338 1131 ista,
1369 1104 1441 1132 quae
1461 1102 1531 1124 sunt
1554 1104 1569 1125 a
1596 1102 1623 1125 te
1646 1097 1746 1127 dicta?

233 1175 252 1190 ‚‚
275 1154 341 1190 quis
365 1153 439 1182 enim
466 1157 562 1188 potest
585 1159 635 1186 ea,
665 1159 737 1187 quae
761 1149 923 1187 probabilia
949 1149 1100 1178 videantur
1121 1149 1166 1184 ei,
1195 1156 1253 1176 non
1279 1147 1421 1184 probare?
1450 1163 1488 1168 —
1515 1146 1586 1175 nihil
1605 1154 1650 1177 est
1668 1148 1742 1178 enim

231 1226 250 1243 „
270 1205 367 1240 aliud,
390 1203 575 1240 quamobrem
597 1202 670 1231 nihil
692 1202 801 1238 percipi
826 1201 897 1229 mihi
917 1209 1005 1237 posse
1028 1200 1173 1235 videatur,
1195 1199 1252 1228 nisi
1276 1198 1355 1234 quod
1377 1197 1552 1234 percipiendi
1575 1198 1619 1227 vis
1643 1199 1681 1228 ita
1697 1200 1747 1230 de·

231 1277 251 1293 ,‚
271 1256 369 1285 finitur
391 1264 406 1283 a
429 1254 555 1289 Stoicis,
575 1260 608 1282 ut
632 1260 754 1290 negent,
784 1252 938 1288 quicquam
962 1261 1049 1288 posse
1072 1250 1200 1288 percipi,
1229 1250 1286 1279 nisi
1309 1250 1365 1277 tale
1386 1258 1506 1285 verum,
1534 1250 1618 1284 quale
1637 1249 1744 1282 falsum

231 1328 250 1343 „
269 1316 332 1336 esse
352 1315 411 1335 non
436 1305 542 1342 possit.
583 1305 683 1340 Itaque
702 1305 769 1332 haec
792 1312 857 1332 cum
882 1303 939 1332 illis
966 1310 1010 1331 est
1032 1303 1191 1338 dissensi03
1218 1310 1284 1330 cum
1312 1299 1510 1336 Peripateticis
1533 1302 1611 1330 nulla
1634 1303 1746 1332 sane.'’

271 1358 408 1387 Similiter
425 1356 509 1385 etiam
532 1356 562 1384 in
583 1355 712 1384 doctrina
731 1354 889 1383 officiorum
909 1355 964 1383 hoc
986 1361 1114 1390 tempore
1140 1353 1223 1388 sequi
1242 1357 1352 1388 poterat
1382 1372 1400 1387 ‚,
1421 1351 1605 1387 potissimum
1629 1353 1747 1383 Panae·

233 1431 252 1446 „
274 1412 346 1438 tium
364 1415 392 1436 et
414 1408 548 1442 Stoicos,
569 1415 629 1435 non
652 1413 684 1435 ut
708 1406 895 1442 interpretes,
927 1406 976 1434 sed
998 1414 1013 1433 e
1037 1404 1169 1433 fontibus
1192 1411 1309 1438 eorum,
1337 1402 1447 1439 judicio
1472 1402 1648 1439 arbitrioque
1668 1413 1746 1443 suo,

235 1484 254 1500 „
275 1466 414 1498 quantum
437 1466 556 1494 quoque
575 1458 662 1485 modo
681 1457 831 1485 videbatur
846 1456 1016 1486 hauriens.'’
1036 1456 1094 1492 (de
1116 1456 1191 1494 Offic.
1210 1455 1234 1483 Ι.
1252 1464 1281 1483 2.
1309 1453 1390 1482 cons.
1407 1453 1529 1482 omnino
1546 1453 1599 1485 Ill.
1618 1465 1650 1492 4.
1666 1456 1746 1496 fin.)

271 1510 435 1543 Academici
457 1509 544 1545 igitur
566 1517 597 1537 ea
616 1516 646 1536 re
666 1507 831 1544 praesertim
852 1516 867 1536 a
885 1507 985 1536 ceteris
1008 1507 1197 1543 philosophis
1222 1504 1406 1540 differebant,
1428 1512 1480 1539 ut,
1509 1513 1573 1533 cum
1597 1506 1745 1545 viderent,

234 1565 308 1596 nihil
333 1571 396 1591 csse
417 1567 473 1589 tam
496 1568 623 1595 certum,
648 1559 686 1587 ita
709 1559 805 1588 dubiis
828 1567 887 1588 non
910 1565 1069 1594 tentatum,
1092 1565 1124 1586 ut
1145 1558 1178 1586 ab
1202 1556 1279 1586 omni
1301 1555 1462 1593 obiectione
1475 1555 1615 1585 vindicari
1630 1559 1745 1596 possit,

235 1623 336 1645 contra
358 1612 452 1642 omnia
484 1619 514 1640 ea
537 1611 682 1646 dicerent,
712 1619 782 1647 quae
801 1617 930 1645 certum,
959 1611 1038 1646 quod
1061 1618 1120 1639 non
1142 1610 1239 1644 adest,
1268 1608 1424 1642 tollerent,
1453 1606 1682 1643 probabilitatem
1706 1619 1751 1640 re·

234 1668 415 1702 linquerent,
437 1663 516 1697 sive,
536 1669 569 1690 ut
591 1663 646 1690 hoc
671 1662 701 1690 in
726 1662 886 1698 Pyrrhonis
913 1661 1044 1690 doctrina
1072 1667 1211 1695 vocatur,
1239 1660 1417 1695 disputarent
1440 1659 1484 1688 Blae
1505 1660 1553 1692 τὴν
1576 1661 1747 1696 dua-morlu-

236 1718 305 1746 Vid.
328 1717 433 1753 Krug,
463 1714 564 1744 Gesch.
588 1713 641 1741 der
662 1713 741 1743 Phil.
763 1713 818 1741 alt.
844 1713 924 1741 Zeit.
952 1714 981 1748 §.
1005 1721 1068 1742 101.
1110 1711 1292 1747 Philosopho
1318 1709 1392 1737 enim
1423 1718 1482 1738 non
1506 1709 1534 1738 id
1557 1710 1695 1748 dignum,
1717 1720 1750 1742 ut

238 1778 269 1798 ea
290 1775 419 1801 tantum,
443 1773 515 1800 quae
536 1763 691 1793 sententiae
713 1763 843 1800 faveant,
872 1770 996 1800 exponat
1015 1770 1100 1799 atque
1119 1769 1279 1797 enumeres
1308 1761 1356 1789 scd
1384 1759 1413 1789 id
1436 1760 1552 1797 dignum
1574 1761 1747 1800 Philosophi

237 1820 405 1849 auctoritate
426 1824 511 1852 atque
533 1815 714 1850 constantia,
736 1815 824 1844 nullis
844 1814 1010 1843 adstrictum
1037 1814 1205 1850 disciplinae
1228 1812 1358 1849 legibus,
1389 1818 1531 1840 momenta
1551 1819 1578 1840 et
1606 1814 1750 1852 rationes,

237 1880 308 1907 quae
329 1879 382 1906 pro
403 1875 521 1904 utraque
541 1874 620 1903 parte
649 1874 797 1903 pugnent,
825 1867 965 1903 explicata
990 1866 1027 1894 ita
1055 1865 1242 1902 perpendere,
1274 1870 1304 1891 ut
1330 1863 1378 1891 ubi
1405 1871 1463 1891 non
1485 1862 1540 1890 nisi
1561 1864 1749 1899 probabilitas

236 1922 327 1955 adsit,
349 1920 412 1948 inde
435 1925 543 1947 certum
562 1918 661 1947 elicere
679 1918 755 1946 omni
780 1918 808 1946 vi
832 1927 890 1947 non
912 1918 1025 1954 cupiat:
1048 1925 1154 1953 atque,
1171 1915 1242 1944 side
1256 1924 1283 1943 re
1300 1914 1431 1951 quaestio
1448 1914 1505 1948 sit,
1527 1922 1584 1943 non
1604 1916 1750 1953 patiatur,

232 1977 398 2010 argumenta
420 1969 506 1999 unius
531 1971 617 1999 modo
638 1969 728 2006 partis
758 1969 863 2006 exponi
890 1976 917 1998 ct
939 1968 1107 2007 pugnaciter
1126 1967 1259 2003 defendi,
1288 1966 1344 1997 nisi
1371 1973 1398 1995 et
1431 1966 1548 1995 alterius
1574 1967 1662 2003 partis
1687 1975 1751 1996 mo-

1673 2026 1750 2048 men-
