1913 2427
214 149 254 172 22
585 132 974 187 FREDERtCI
1040 131 1353 166 EGELING

209 229 386 261 tempestas,
413 222 508 260 regit),
538 221 642 258 clima,
671 222 715 251 aer
740 228 826 257 atque
852 220 947 250 omnia
979 219 1043 256 illa,
1074 228 1146 256 quae
1173 220 1218 248 vel
1241 219 1296 256 J'am
1325 225 1404 249 antea
1427 218 1474 248 vel
1497 207 1574 247 nunc
1598 220 1730 257 majorem

211 277 389 310 minoremve
407 274 465 303 vim
488 274 517 303 ln
539 280 687 311 aegrotum
708 281 832 301 exserere
855 277 1023 309 potuerunt.
1065 272 1107 301 Ut
1127 271 1286 308 exemplum
1312 270 1433 299 adferam
1456 270 1593 299 momenti
1617 271 1726 308 istius,

214 328 293 365 quod
316 327 400 356 habet
421 325 615 355 consideratio
638 325 740 354 horum
758 324 964 354 indicantium:
993 323 1155 354 accedimus
1183 323 1218 350 ad
1239 329 1370 359 aegrum,
1400 321 1483 357 qu'us
1509 321 1601 350 morbi
1625 328 1728 351 natura

211 380 259 408 vel
278 378 407 407 sthenica
433 378 478 406 vel
501 376 666 412 asthenica,
694 375 826 412 plurimis
857 375 920 404 aliis
949 374 1172 405 circumstantiis
1201 374 1259 412 jam
1290 373 1398 402 frustra
1423 372 1611 402 consideratis
1642 379 1730 409 atque

213 429 392 465 observatis,
412 436 467 457 nos
481 428 573 456 adhuc
597 428 683 463 latet;
705 428 884 456 attendamus
902 435 978 455 nunc
1002 428 1037 455 ad
1057 425 1296 456 constitutionem
1310 423 1494 460 epidemicam
1513 423 1668 454 sthcnicam
1681 425 1728 453 vel

212 480 385 510 asthenicam
397 500 407 514 ,
429 485 458 507 et
474 480 596 508 multum
611 479 666 508 hoc
683 487 738 507 nos
751 478 864 515 juvabit
879 478 907 507 in
920 477 1101 515 dijudicanda
1120 477 1210 506 morbi
1230 483 1351 512 natura,
1373 475 1412 504 ita
1427 482 1460 504 ut
1475 475 1562 513 huJus
1586 476 1729 506 constitu-

212 531 300 560 tionis
316 530 487 567 epidemicae
502 530 613 559 indoles
634 538 715 566 saepe
728 538 782 558 nos
802 531 863 558 sola
883 529 1065 560 determinare
1083 531 1178 568 possit
1193 532 1228 560 ad
1245 530 1420 559 formandam
1439 537 1506 558 cum
1522 529 1671 565 prudentia
1686 528 1729 558 in-

214 582 385 612 dicationem
398 603 408 618 ,
428 588 455 611 et
472 582 642 619 seligendam
657 581 780 617 aliquam
798 580 914 610 curandi
931 582 1107 612 methodum.
1129 581 1176 611 Sic
1192 590 1311 618 quoque
1325 581 1450 610 Taubias
1465 580 1578 609 notavit
1592 580 1623 609 in
1638 579 1732 616 epide·

215 634 272 664 mia
282 634 421 669 cellensi,
438 633 468 663 in
484 633 585 662 morbo
595 633 791 669 spasmodico,
808 633 955 671 raphania
971 632 1069 668 dicto,
1086 638 1142 661 tam
1160 632 1308 669 stupidum
1320 631 1397 668 apud
1410 638 1511 659 omnes
1527 637 1626 666 aegros
1641 628 1734 665 fuisse

213 685 406 715 ventriculum
417 706 427 721 ‚
448 690 482 713 ut
497 684 538 720 ‚ad
555 684 758 713 concitandum
781 685 922 713 vomitum
935 693 973 721 40
987 691 1072 721 grana
1087 689 1197 713 tartrat.
1214 690 1347 719 potassae
1363 681 1493 711 stibiatae
1508 680 1730 717 requirerentur.

217 735 365 774 Quantum
393 744 459 773 ergo
485 735 573 772 hujus
592 735 809 763 constitutionis
837 736 1007 772 epidemicae
1028 736 1219 765 consideratio
1242 737 1278 764 ad
1295 743 1441 772 aegrorum
1459 743 1557 764 curam
1578 735 1669 764 facere
1684 734 1734 764 de-

217 787 281 816 buit
295 808 305 824 ,
332 787 371 815 ita
387 792 420 815 ut
443 787 504 815 sine
523 786 573 814 illa
592 793 740 823 nunquam
763 786 915 823 indicatio,
936 788 1014 817 bono
1038 796 1179 817 successu
1203 793 1318 823 ornata,
1338 786 1455 815 formari
1470 785 1617 822 potuerit?

251 838 297 874 40.
318 837 445 867 Pertinet
467 837 525 866 huc
546 844 663 873 quoque
689 838 845 868 observatio
859 839 1031 874 juvantium
1050 845 1077 867 et
1093 840 1265 868 nocentium.
1307 838 1385 866 Haec
1402 843 1464 866 tum
1488 836 1524 865 ad
1548 835 1733 866 medicamina

213 895 243 919 et
263 889 381 918 diaetam
405 887 530 925 aegroti,
551 894 613 917 tum
636 888 672 917 ad
687 888 782 917 omnia
799 897 847 925 ea,
869 898 942 925 quae
965 889 1048 918 illum
1071 890 1266 925 circumdant,
1285 889 1381 917 reFerri
1404 888 1506 923 debet,
1526 893 1553 915 et
1572 893 1642 916 tunc
1655 895 1735 923 prae-

215 940 313 970 sertim
337 939 434 977 magni
450 939 587 970 momenti
603 946 667 975 est,
689 946 775 976 atque
795 940 940 977 ingentem
962 941 1054 970 lucem
1074 941 1171 971 afferre
1195 947 1311 978 potest,
1332 940 1384 968 ubi
1404 948 1470 968 vera
1485 939 1595 968 indoles
1618 938 1734 967 morbo-

215 1001 279 1022 rum
301 1001 459 1029 eorumque
481 1001 585 1023 causae
613 1001 668 1022 nos
698 994 797 1023 latent.
842 994 897 1023 Sed
921 1003 1091 1030 caveamus,
1119 1002 1155 1022 ne
1181 993 1262 1029 prius
1298 1000 1332 1020 ex
1360 991 1423 1019 sola
1449 990 1502 1018 hac
1534 989 1735 1018 observatione

217 1043 420 1073 indicationem
444 1043 620 1080 formemus,
642 1053 728 1080 quam
744 1054 843 1075 ornnes
863 1052 1037 1074 caeterorum
1056 1044 1244 1073 indicantium
1260 1042 1357 1071 fontes
1374 1040 1506 1070 exhausti
1527 1039 1602 1076 sint3
1624 1048 1660 1069 ne
1674 1039 1734 1069 for-

217 1101 245 1124 te
268 1095 298 1124 in
320 1095 539 1132 empeiricorum
562 1096 728 1126 methodum
752 1097 932 1133 incidamus,
954 1103 982 1126 et
998 1097 1040 1126 sic
1061 1096 1212 1125 abutamur
1232 1093 1345 1131 egregio
1367 1093 1424 1122 hoc
1449 1091 1632 1128 adjumento,
1654 1090 1735 1127 quod

216 1146 286 1175 adeo
306 1146 495 1185 Hippocrates
513 1147 688 1184 celebravit,
709 1154 741 1176 ut
756 1155 850 1177 natam
869 1155 958 1177 artem
981 1148 1124 1178 Medicam
1138 1156 1172 1176 ex
1187 1147 1239 1175 hac
1256 1146 1341 1175 unica
1366 1144 1567 1174 observatione
1586 1143 1734 1178 docuerit;

216 1200 302 1236 cuius
333 1197 444 1227 utilitas
468 1199 539 1228 adeo
563 1205 607 1228 est
637 1199 787 1236 perspicua
805 1220 816 1236 ,
844 1207 877 1229 ut
905 1201 977 1230 nihil
1004 1208 1088 1236 saepe
1116 1199 1259 1228 medicum
1287 1198 1356 1234 plus
1385 1197 1467 1233 juvet
1496 1195 1532 1224 ad
1552 1194 1735 1231 detegendam

218 1249 416 1278 absconditam
443 1250 610 1279 morborum
637 1256 765 1279 naturam
783 1272 793 1286 ,
822 1260 908 1287 quam
936 1251 1099 1281 observatio
1125 1250 1279 1280 effectuum
1301 1249 1419 1278 utilium
1446 1246 1655 1283 noxiorumve‚
1684 1245 1737 1282 qui

218 1306 254 1327 ex
277 1299 373 1335 aliqua
395 1300 525 1328 medendi
548 1300 658 1329 ratione
675 1308 843 1330 nascantur.
884 1302 915 1330 Si
940 1302 970 1330 in
992 1303 1142 1338 pleuritide
1170 1308 1237 1337 post
1268 1299 1514 1331 venaesectionem
1546 1297 1666 1327 morbus
1688 1297 1736 1326 de-

219 1349 307 1378 terior
330 1350 445 1385 evadat,
467 1350 510 1378 uti
531 1350 705 1386 aliquando,
725 1351 792 1379 licet
813 1360 897 1387 raro,
926 1354 1090 1390 contingit,
1119 1354 1203 1388 sique
1223 1355 1279 1390 J'ani
1301 1353 1441 1388 prodeant
1463 1357 1656 1387 symptomata
1675 1358 1740 1387 gas-

222 1400 312 1436 trica,
334 1407 404 1429 tunc
427 1400 654 1437 cognoscimus,
675 1407 850 1436 praesentem
876 1403 1007 1431 morbum
1030 1412 1094 1433 esse
1124 1398 1304 1440 pleu'ritidem
1333 1401 1483 1439 gastricam
1510 1402 1556 1430 vel
1581 1401 1736 1436 biliosam.

218 1459 279 1483 non
304 1451 428 1487 amplius
448 1451 678 1486 venaesectione‚
704 1452 753 1480 sed
773 1452 936 1481 vomitoriis
960 1459 987 1481 et
1009 1453 1190 1489 laxantibus,
1214 1453 1451 1490 oppugnandam.

262 1503 306 1540 50.
346 1502 412 1531 Huc
438 1503 549 1531 tandem
580 1502 710 1532 referrem
738 1512 838 1532 sanam
869 1505 1036 1543 empet'riam
1053 1525 1063 1540 ,
1093 1504 1151 1533 nisi
1178 1513 1212 1533 ex
1241 1513 1332 1541 scopo
1365 1503 1531 1540 propositae
1561 1501 1739 1539 quaestionis

223 1555 280 1584 hoc
303 1560 501 1591 argumentum
520 1554 606 1582 latius
630 1554 703 1583 foret
727 1555 929 1591 tractandum,
948 1556 984 1584 ad
1004 1564 1089 1592 quarn
1111 1555 1330 1591 tractationem,
1351 1555 1443 1592 prima
1459 1561 1538 1592 parte
1561 1553 1738 1591 quaestionis

225 1605 379 1641 absoluta,
400 1612 478 1634 nunc
497 1604 550 1634 erit
568 1605 785 1634 transeundum.

263 1706 303 1736 11.
331 1707 488 1744 Εμπειρὶα,
518 1714 577 1736 vox
595 1705 724 1742 Graeca,
752 1706 915 1743 composita
936 1715 969 1736 ex
987 1708 1014 1737 ἐν
1037 1713 1065 1735 et
1086 1710 1185 1744 πεῖραι,
1215 1707 1295 1743 quod
1322 1707 1466 1745 significat
1496 1706 1741 1744 experimentum,

228 1758 368 1795 distingui
396 1759 473 1787 solet
496 1758 526 1787 in
553 1767 674 1794 sanam,
706 1758 766 1787 sive
793 1758 986 1794 rationalem,
1016 1764 1043 1787 et
1063 1759 1092 1787 in
1116 1759 1350 1795 irrationale-9713
1379 1758 1506 1788 additum
1529 1756 1617 1793 igitur
1634 1755 1691 1784 tuit
1710 1755 1740 1784 in

231 1810 398 1846 quaestione
422 1809 573 1847 proposita
590 1809 764 1838 vocabulum
789 1810 879 1845 sam&-
900 1818 959 1838 non
981 1809 1055 1839 enim
1075 1810 1248 1847 intelligitur
1263 1810 1320 1839 hoc
1339 1812 1405 1839 loco
1429 1808 1562 1845 cmpeiria
1585 1807 1640 1836 ista
1661 1806 1744 1843 igno-

228 1861 296 1890 bilis
318 1868 345 1890 et
367 1861 558 1895 irrationalis,
580 1870 653 1898 quae
674 1861 703 1890 in
733 1868 896 1897 agyrtarum
919 1867 946 1889 et
968 1862 1172 1891 circulatorum
1194 1861 1351 1890 temeritate
1369 1866 1518 1895 versatur,
1547 1865 1576 1888 et
1595 1859 1690 1887 solum
1707 1858 1743 1888 ad

229 1911 345 1941 nomina
368 1913 532 1941 morborum
557 1913 694 1948 attendit,
716 1921 788 1949 quae
806 1922 871 1941 cum
896 1914 1088 1950 undecunque
1104 1913 1264 1949 extuderit,
1286 1912 1427 1941 continuo
1446 1911 1584 1946 remedia,
1607 1917 1678 1946 quae
1693 1909 1743 1938 isti

237 1963 340 1992 morbo
366 1965 521 1994 convenire
538 1964 674 1994 dicuntur
692 1986 703 2001 ‚
725 1965 787 1995 sine
810 1966 870 1995 ullo
883 1966 994 2003 iudicio
1015 1972 1065 1996 aut
1083 1966 1194 1997 delectu
1214 1964 1338 2003 ingeriq
1364 1971 1454 2000 quum
1481 1963 1567 2001 hujus
1591 1960 1743 1997 cmpeiriae

1657 2018 1749 2040 secta-
