1913 2427
266 111 306 149 ιε
673 100 1318 142 E.A.BORGER',¹

266 203 438 238 calcaribus
460 203 560 246 equi,
583 202 628 232 sic
651 199 801 231 homines
827 200 1009 230 necessitate
1033 197 1253 237 concitantur,
1275 198 1380 239 neque
1406 202 1444 228 ut
1463 194 1738 230 turbinessscutiss'

265 262 318 299 ca,
343 262 388 292 sic
415 259 462 291 illi
486 259 587 290 aliena
611 258 643 289 vi
666 263 864 299 torquentur.
909 254 1075 293 Consilio,
1104 254 1255 293 consiho,
1288 254 1438 295 inquam,
1470 256 1611 297 agimus,
1644 256 1728 298 quic-

264 317 343 362 quid
363 317 505 359 agimus,
528 325 630 358 neque
654 315 687 344 iu
715 313 804 344 omni
830 312 893 342 vita
917 311 1022 354 aliqua
1042 317 1143 354 potest
1171 321 1237 342 esse
1268 321 1380 341 rerum
1412 312 1590 353 susceptio,
1622 311 1739 355 aliqua·

271 374 393 406 molitio
420 383 455 403 ac
478 370 642 415 perfectio,
672 380 769 412 quae,
800 369 862 400 nisi
881 379 898 398 a
916 367 1038 409 judicio
1065 373 1200 409 atquera
1227 366 1389 398 voluntate
1404 366 1657 410 proficiscatur,
1674 374 1739 400 aut:

268 429 359 462 laude
381 435 435 460 aut
455 427 701 470 vituperatione,
724 431 778 456 aut
804 424 962 454 humanae
988 423 1127 465 denique
1152 424 1284 454 actionis
1304 423 1435 454 numine
1459 423 1557 466 digna
1579 424 1629 457 sit.
1670 439 1672 442 ’

309 486 414 517 Nolite
445 490 549 515 autem
577 482 723 520 credere,
746 481 1028 520 Auditores,.cum
1051 490 1088 510 ea
1112 480 1153 510 sit
1177 483 1313 512 naturae?
1336 479 1493 512 humanae
1517 481 1726 524 praestantia,

269 549 304 574 ut
339 551 468 573 omnem
506 540 572 571 vim
600 539 878 580 necessitatemque
908 536 1040 580 repellat
1066 543 1098 568 et
1116 543 1318 579 aspernetur,
1344 535 1419 568 huic
1441 538 1597 568 continuo
1618 542 1730 569 conse‘·

268 608 370 641 quens
399 607 484 636 esse,
507 603 544 627 ut
566 595 715 627 tuendae
742 593 1038 636 conservandaeque
1059 593 1215 624 societatis
1241 594 1399 624 humanae
1422 604 1516 625 causa
1534 594 1569 624 in
1590 604 1658 625 uno
1672 604 1731 636 po-

268 654 371 688 nenda
395 654 436 685 sit
464 652 598 684 consilio
615 659 709 695 atque
734 650 865 682 arbitrio
888 661 1016 688 eorum,
1042 650 1100 693 qui
1124 649 1234 680 adsciti
1259 649 1398 681 inillam
1413 656 1445 680 et
1464 650 1623 693 aggregati
1641 655 1727 681 sunt.

268 713 339 744 Non
370 711 457 742 euim
481 709 591 741 eadem
617 709 791 740 hominum
819 708 996 738 constantia
1028 714 1097 746 est,
1119 716 1208 749 ,quae
1235 712 1289 737 aut
1321 705 1482 749 lapidum,
1510 707 1568 748 qui
1591 717 1651 737 suo
1675 705 1738 737 dea

266 777 375 799 orsum
401 773 484 798 nutu
511 777 547 797 ac
570 765 712 809 pondere
737 764 777 795 ad
799 764 923 795 lineam
943 775 1066 807 semper
1074 763 1248 803 seruntur,
1271 769 1327 794 aut
1345 762 1506 806 pecudum
1521 763 1636 801 etiam,
1658 762 1734 805 qui·

269 823 417 862 huscum,
440 829 570 866 propter
596 821 729 853 rationis
760 821 895 864 speciem
922 831 958 852 ac
982 820 1204 859 simulacrum,
1226 819 1358 863 propior
1381 819 1538 863 quaedam
1553 818 1730 858 nobis‘est,

269 890 366 923 quam
395 890 468 911 cum
496 879 594 917 saxis,
615 878 773 921 cognatio.
819 877 935 908 Insunt
960 877 1123 909 ‘iu-histee
1144 865 1356 920 'appetitiones
1374 883 1406 908 et
1430 876 1658 908 declinationes
1675 885 1732 907 na·

270 935 408 974 turales,
438 945 573 978 quarum
606 935 740 978 imperio
764 935 918 978 quasique
942 934 1122 966 auctoritati
1147 935 1190 965 ita
1217 933 1359 964 addictae
1390 939 1482 972 sunt,
1505 940 1541 965 ut
1563 933 1604 965 de
1631 932 1732 976 spatio

269 991 489 1034 curriculoque
513 997 642 1023 naturae
663 1001 841 1034 numquam
864 989 1041 1022 deflectant.
1085 989 1172 1030 Quid
1188 1000 1264 1022 vero
1284 990 1451 1045 hominesg
1472 996 1573 1022 exstat
1596 988 1740 1033 praeola->

270 1059 304 1081 ra
337 1048 421 1091 apud
448 1046 610 1079 Platonem
644 1054 676 1080 et
706 1047 888 1090 frequenter
924 1053 1075 1091 usurpata
1098 1047 1272 1083 sententia,
1296 1046 1376 1077 duas
1399 1056 1466 1078 esse
1487 1046 1588 1077 animi
1610 1051 1736 1088 partes,

269 1104 398 1136 alteram
421 1104 551 1136 rationis
575 1105 778 1148 participem,
802 1103 932 1136 alteram
953 1109 1132 1147 expertem:
1157 1103 1191 1134 in
1215 1102 1368 1146 participe
1387 1103 1521 1134 rationis
1539 1109 1674 1145 positam
1688 1111 1734 1138 es·

272 1171 303 1193 se
327 1160 605 1204 tranquillitatem,
627 1160 661 1192 id
683 1167 748 1199 est,
771 1160 928 1203 placidam
947 1161 1151 1203 quietamque
1177 1159 1406 1193 constantiam:
1429 1160 1465 1191 in
1487 1158 1540 1190 illa
1560 1158 1657 1190 attera
1672 1167 1738 1190 mo-

277 1224 328 1250 tus
360 1216 525 1259 turbidos,
544 1228 618 1249 cum
636 1218 716 1255 irae,
740 1220 808 1248 tu'm
828 1217 1027 1261 cupiditatis,
1049 1217 1225 1250 contrarios
1247 1216 1600 1260 inimicosque-rationi.
1647 1216 1733 1255 Qua-

273 1285 346 1306 rum
377 1275 538 1318 partium,
567 1273 752 1314 Auditores,
783 1286 857 1307 cum
887 1282 1037 1318 perpetua
1073 1275 1156 1307 inter
1180 1285 1214 1306 se
1239 1281 1334 1318 atque
1357 1274 1462 1318 gravis
1486 1272 1651 1305 contentio
1675 1271 1738 1314 sit,-

273 1330 325 1362 alii
358 1331 473 1362 rationi
511 1331 752 1375 obtemperant,
776 1338 871 1375 atque
895 1332 930 1363 in
959 1332 1058 1364 omni..
1076 1332 1163 1363 vitae·
1184 1332 1308 1364 actione
1333 1331 1417 1364 nihil
1449 1337 1514 1363 tam
1544 1327 1735 1372 fugiendum

272 1397 339 1419 esse
370 1387 536 1430 judicant,
563 1399 660 1431 quam
688 1389 952 1421 incontinentiam
966 1412 976 1426 ,
1007 1388 1344 1431 quamrfinjustitiam,
1366 1386 1737 1432 quamreliquamtur·

275 1443 348 1491 bam
372 1454 407 1475 ac
426 1451 545 1488 pestem
569 1446 731 1478 vitiorum.
776 1445 873 1489 Apud
892 1446 971 1477 alios
992 1456 1069 1478 vero
1085 1445 1184 1478 animi
1207 1445 1462 1489 perturbationes
1481 1442 1621 1476 efferunt
1641 1452 1674 1474 se
1693 1447 1740 1474 at·.

274 1511 338 1543 que
367 1500 525 1533 exsultant
548 1509 580 1534 et
601 1509 762 1546 tamquam
791 1503 955 1535 seditiosae
978 1503 1259 1546 cives‚.occupata
1279 1503 1422 1535 rationis,
1436 1512 1522 1541 arce,
1544 1499 1641 1535 fasces
1658 1497 1738 1531 arri-

274 1559 385 1599 piunt,
415 1564 509 1600 atque
536 1559 571 1590 in
598 1570 728 1592 omnem
753 1559 894 1591 furorem
920 1560 1221 1603 perversitatemque
1247 1570 1280 1593 se
1301 1558 1483 1591 effundunt.
1533 1559 1621 1597 Quae
1646 1554 1743 1587 natu-¹

275 1623 381 1644 rarum
407 1624 598 1657 morumque
626 1615 947 1648 dissimilitudoeam
978 1617 1044 1648 vim
1071 1616 1185 1654 habet,
1216 1623 1253 1647 ut
1286 1616 1322 1646 in
1353 1615 1463 1647 eadem
1492 1612 1655 1657 oepublica
1669 1611 1740 1650 „in

273 1668 383 1699 eadem
407 1670 550 1708 civitate,
576 1671 659 1703 intra
681 1672 809 1704 eosdem
831 1683 923 1714 saepe
940 1673 1088 1716 parietes,
1111 1673 1165 1704 aiii
1185 1672 1250 1704 sint
1270 1682 1397 1714 graves,
1422 1668 1738 1715 temperantes‚'ju³⁶

276 1725 318 1762 ti,
350 1724 462 1762 fortes,
493 1727 572 1758 bene
603 1729 734 1768 morati;
764 1729 817 1760 alii
842 1729 973 1769 molles,
993 1729 1140 1767 delicati,
1162 1728 1350 1771 voluptarii,
1373 1727 1552 1766 libidinosi,
1575 1723 1739 1769 protervi,

275 1781 378 1819 avari,
405 1782 565 1819 iracundi,
590 1785 768 1827 imperiosi,
790 1786 942 1818 omnibus
961 1785 1100 1828 denique
1119 1785 1204 1816 vitiis
1223 1784 1393 1828 inquinati.
1438 1785 1583 1824 Quaero,
1598 1782 1666 1816 ,ista
1680 1780 1739 1812 bo·

279 1846 395 1868 norum
419 1838 638 1882 malorumque
661 1843 838 1884 compactio
855 1851 992 1886 ’ecquam
1017 1840 1145 1873 tandem
1155 1840 1373 1873 cohaerentiae
1389 1839 1666 1883 colligationisque
1683 1836 1739 1868 fir·

276 1892 418 1923 mitatem
441 1893 555 1926 habere
577 1896 744 1928 videatur?
766 1899 876 1941 Neque
898 1899 1008 1937 enim,
1029 1898 1087 1940 qui
1110 1898 1208 1929 nimia
1240 1897 1405 1941 pravitatis
1434 1897 1467 1928 vi
1489 1895 1618 1928 distenti
1633 1900 1665 1926 et
1680 1903 1738 1937 op-

275 1946 354 1989 pleti
380 1955 475 1994 sunt,
497 1949 576 1984 seras
603 1952 717 1987 bestias
737 1955 929 1998 anquirunt,
953 1955 989 1987 iu
1016 1964 1095 1997 quas
1121 1954 1282 1998 nequitiae
1309 1954 1396 1987 virus
1423 1958 1591 1992 evomant,
1614 1949 1669 1983 sed
1682 1958 1741 1985 ‚eet

1658 2013 1744 2049 ipsos
