1913 2427
501 147 983 183 DISSERTATIO
1049 147 1323 179 MEDICA.
1651 157 1674 192 ι,

157 248 273 282 gressus
301 246 347 269 ars
374 237 529 276 Apollinea
551 236 681 267 fecisset.
730 234 834 265 Notari
863 240 957 263 autem
987 241 1110 264 meretur
1133 235 1190 273 jam
1223 235 1258 264 iis
1284 235 1465 272 temporibus
1495 232 1554 274 (ut
1574 235 1671 267 Celsus

161 292 246 322 refert
265 290 404 327 Praefat.
428 297 457 325 p.
477 290 531 327 3.)
558 288 731 317 Medicinam
757 287 786 315 in
807 293 863 315 tres
886 293 980 322 partes
1001 287 1146 316 diductam
1167 287 1276 323 fuisse,
1305 287 1491 317 Diacteticam
1512 288 1669 325 nimirum,

155 350 231 380 quae
251 342 316 371 solo
340 340 437 370 victus
457 340 609 378 regimine,
637 337 897 380 Pharmaceuticam
911 359 922 374 ,
945 347 1016 375 quae
1036 339 1270 376 medicamentis,
1297 346 1324 369 et
1349 339 1570 377 Chirurgicam,
1598 348 1671 376 quae

151 400 240 422 manu
268 398 297 420 et
320 390 518 423 instrumentis
541 391 707 420 mederetur.

191 444 263 473 Post
282 442 473 481 Herophilum
494 449 521 472 et
539 443 778 477 Erasistratum,
803 450 879 470 anno
891 441 932 470 A.
949 441 987 471 C.
1001 442 1042 472 N.
1062 451 1119 480 250
1135 459 1170 466 —
1184 445 1261 479 280,
1285 443 1339 472 alia
1354 449 1430 472 secta
1447 443 1547 472 florere
1564 443 1673 480 incepit

152 504 278 531 corum,
308 495 360 531 qui
385 504 416 524 se
446 496 625 534 Empeiricos
656 496 850 532 appellarent,
886 495 1010 524 ducibus
1047 494 1188 531 imprimis
1234 495 1392 534 Serapione
1420 495 1615 524 Alexandrino
1646 501 1674 524 et

152 548 272 577 Philino
288 547 373 583 Coo,
395 556 471 584 quos
491 547 680 586 Apollonius,
710 547 871 582 Glaucias,
897 547 1069 576 Heraclides
1093 554 1121 576 et
1151 547 1236 576 multi
1262 547 1310 575 alii
1332 546 1424 575 secuti
1448 553 1535 581 sunt,
1561 546 1614 574 etsi
1636 546 1672 575 ab

152 599 218 629 aliis
241 598 342 628 Aaron
372 599 581 636 Agrigentinus
604 607 657 636 pro
684 598 914 634 Empeiricorum
939 599 1071 635 principe
1102 599 1234 627 habetur.
1273 597 1418 626 Medicina
1442 597 1490 626 illa
1509 597 1674 634 Empeirica

152 657 294 687 vocatur,
316 659 388 687 quae
409 651 471 679 sola
493 649 685 687 experientia,
713 651 839 688 simplici
867 651 1070 680 observatione
1092 649 1244 678 effectuum
1275 655 1305 682 et
1329 649 1461 685 analogia
1482 649 1567 685 (sive
1587 648 1675 677 ratio·

154 702 234 732 tinio
256 711 290 731 ex
315 701 527 738 comparatione
551 707 643 730 status
664 702 807 738 praeteriti
830 711 896 731 cum
917 708 1063 738 praesente
1081 702 1116 730 ad
1138 701 1269 730 futurum
1289 699 1413 737 elicito)
1434 699 1548 728 nititur.
1589 700 1671 728 Mul-

151 758 214 785 tum
247 753 383 782 dehemus
412 752 480 781 huic
507 753 678 789 doctrinae,
706 762 796 789 quum
827 754 896 782 artis
926 752 1141 783 observationes
1172 751 1295 781 faciendi
1324 750 1537 788 quamplurima
1564 751 1671 781 dederit

153 811 323 842 praecepta,
352 803 460 840 quibus
489 804 525 832 ad
546 804 603 833 hoc
633 812 728 840 usque
756 810 870 840 tempus
900 804 1104 841 praestantiora
1134 803 1193 834 dari
1221 809 1388 839 nequeunt,
1415 809 1442 830 et
1462 803 1553 832 multo
1579 803 1672 840 magis

155 855 358 893 progressibus
383 855 547 884 Medicinae
574 855 738 892 profuerit,
768 864 854 891 quam
884 862 960 884 secta
990 855 1045 884 ista
1073 855 1254 892 Dogmatica.
1295 854 1392 883 Multa
1414 861 1508 883 tamen
1533 855 1673 884 dederunt

151 906 310 943 Empeirici
332 913 480 943 praecepta
503 906 590 936 noxia
610 913 638 935 et
660 907 690 935 in
715 906 869 943 perniciem
892 906 1054 935 Medicinae
1073 907 1202 942 ruentia,
1233 906 1294 941 sic,
1315 914 1341 934 e.
1365 914 1394 942 g.
1419 906 1587 935 morborum
1606 915 1673 935 cau-

150 966 247 989 sarum
282 958 463 987 occultarum
500 958 633 987 notitiam
663 958 882 995 vituperatum,
909 957 1093 987 Anatomiam
1115 965 1143 986 et
1170 957 1386 994 Physiologiam
1411 957 1496 986 nihili
1525 957 1672 994 fecerunt,

150 1015 181 1041 et
203 1009 477 1045 praestantissimam
510 1008 720 1039 indicationum
752 1009 909 1038 doctrinam
941 1010 1142 1046 neglexerunn
1178 1009 1355 1046 Magnopere
1382 1015 1476 1038 autem
1501 1009 1632 1045 quamvis
1657 1017 1673 1039 a

150 1058 334 1097 Dogmaticis
359 1060 522 1097 differrent,
545 1061 699 1090 methodus
725 1068 819 1090 tamen
849 1061 968 1090 curandi
992 1069 1102 1097 semper
1128 1060 1186 1089 fere
1213 1062 1306 1090 eadem
1329 1060 1407 1096 fuit,
1434 1059 1498 1097 (uti
1516 1068 1571 1089 nos
1589 1060 1675 1089 docet

149 1111 224 1142 Gal.
249 1111 284 1141 dc
305 1114 388 1142 sectis
413 1112 457 1141 ad
479 1121 545 1149 eos,
572 1114 624 1152 qut·
651 1113 799 1142 introduc.
828 1122 860 1149 p.
884 1113 955 1150 12.)
1003 1112 1107 1142 Postea
1132 1121 1199 1141 vero
1227 1113 1316 1149 hujiis
1342 1111 1489 1141 doctrinae
1519 1118 1674 1141 sectatores

147 1163 330 1201 hypotheses
360 1163 433 1193 citra
455 1173 568 1194 omnem
600 1165 801 1201 experientiam
826 1163 1007 1199 formarunt,
1035 1164 1150 1200 sibique
1170 1170 1324 1200 systemata
1350 1163 1514 1199 finxerunt,
1535 1171 1570 1192 ex
1598 1172 1673 1199 quo·

147 1222 213 1245 tum
234 1214 378 1245 institutis
399 1221 427 1245 et
443 1216 603 1252 praeceptis
629 1225 718 1253 porro
739 1215 834 1245 omnia
855 1216 1044 1253 experimenta
1067 1222 1095 1244 et
1118 1215 1336 1245 observationes
1355 1215 1555 1252 explicabant,
1584 1222 1674 1251 atque

146 1264 193 1295 sic
217 1266 253 1296 ad
275 1266 434 1296 doctrinam
457 1267 678 1304 Dogmadcam,
700 1276 787 1304 quam
811 1268 1009 1302 deseruerant,
1030 1267 1185 1296 redierunt.

152 1330 156 1334 ¹
185 1316 302 1346 Ultimo
324 1319 391 1346 loco
407 1320 587 1349 memoranda
611 1319 689 1347 venit
714 1318 877 1354 Medicina,
899 1319 938 1347 ita
954 1318 1051 1353 dicta,
1075 1317 1263 1352 Memfim,
1284 1317 1369 1354 eujus
1386 1317 1552 1353 systematis
1573 1323 1676 1347 auctor

148 1365 208 1398 fuit
230 1367 416 1406 Asclepiades
442 1377 498 1398 100
519 1369 602 1398 annis
627 1369 666 1398 A.
691 1370 729 1399 C.
754 1369 814 1405 N„
844 1369 894 1405 qui
917 1377 1031 1398 omnem
1055 1369 1243 1404 methodum,
1272 1377 1345 1404 quae
1364 1375 1428 1397 ante
1453 1369 1550 1405 ipsum
1573 1370 1675 1405 vigue-

146 1424 213 1454 rat,
238 1418 390 1455 rejiciens,
418 1419 592 1452 Medicinam
625 1420 865 1457 Hippocraticam
891 1420 1018 1449 studium
1044 1421 1144 1448 mortis
1168 1420 1318 1456 (Θανάτου
1341 1420 1480 1456 βαλέτην,Δ
1502 1419 1671 1455 appellavit.

146 1468 218 1499 Non
239 1476 333 1499 autem
355 1470 503 1499 Medicina
527 1472 688 1500 methodica
715 1473 773 1501 hoc
800 1480 904 1500 nomen
921 1470 1078 1507 acquisivit
1099 1477 1164 1499 ante
1186 1470 1351 1506 Themison,
1379 1470 1452 1505 qui,
1480 1470 1548 1498 licet
1572 1469 1671 1499 Ascle-

145 1521 247 1560 piadis
269 1521 454 1558 discipulus,
482 1522 513 1551 in
528 1522 630 1551 multis
647 1529 742 1552 tamen
762 1522 920 1560 praeceptis
943 1531 959 1551 a
981 1527 1162 1559 praeceptore
1181 1520 1340 1550 differebat.
1385 1521 1497 1550 Primus
1514 1521 1560 1549 hic
1587 1521 1674 1558 elegit

146 1572 224 1602 viam
244 1573 366 1602 mediam
383 1573 616 1610 Dogmatismum
637 1574 713 1603 inter
737 1581 766 1603 et
782 1574 978 1611 Empeiriam,
1004 1582 1020 1602 a
1041 1582 1098 1610 qua
1116 1573 1162 1602 via
1184 1573 1244 1602 sive
1263 1573 1399 1601 methodo
1419 1573 1521 1601 haecce
1541 1572 1673 1601 doctrina

147 1631 255 1653 nomen
284 1633 370 1653 suum
397 1625 567 1661 acquisivit.
612 1625 746 1661 Fontesr,
776 1635 791 1655 e
807 1626 914 1662 quibus
937 1625 1104 1654 morborum
1128 1633 1230 1653 causac
1252 1630 1329 1653 erant
1355 1624 1552 1659 arcessendae,
1581 1624 1672 1660 hujtis

145 1675 314 1712 systematis
346 1677 539 1705 sectatoribus
566 1676 652 1706 nimis
687 1677 789 1706 incerti
823 1677 1017 1713 videbantur,
1054 1685 1139 1712 quam
1166 1683 1197 1704 ut
1223 1676 1322 1704 harum
1349 1675 1482 1704 notitiam
1511 1675 1669 1712 quicquam

146 1732 301 1763 curarent3
324 1727 508 1763 quamobrem
528 1728 695 1758 communia
718 1729 856 1765 quaedam
888 1729 1023 1766 corporis*
1047 1728 1184 1764 humani,
1214 1736 1287 1764 quae
1313 1727 1450 1764 pluribus
1471 1726 1578 1756 morbis
1601 1735 1671 1762 pro-

147 1777 215 1813 ptia
235 1783 304 1810 sunt
323 1777 517 1816 (κοινοτιίτες)
538 1789 666 1810 normam
689 1789 755 1810 suae
779 1780 904 1809 theoriae
926 1786 1106 1815 statuerunt,
1130 1788 1203 1816 quae
1223 1785 1317 1808 tamen
1339 1779 1377 1808 ita
1400 1779 1476 1807 dicta
1497 1778 1666 1807 communia

150 1829 249 1857 multo.
271 1829 361 1866 magis
389 1830 485 1860 abdita
515 1833 608 1861 solent
637 1840 718 1867 esse,
745 1840 830 1868 quam
864 1840 963 1861 omnes
994 1840 1122 1866 causae,
1158 1839 1230 1867 quas
1263 1830 1427 1867 Dogmatiei
1461 1834 1666 1858 assumseram.

150 1877 221 1908 Tria
243 1879 342 1909 harum
368 1883 607 1912 communitatum
627 1892 728 1921 genera
754 1884 917 1920 ponebant,
948 1891 1037 1912 unum
1063 1882 1255 1917 adstrictum,
1283 1883 1402 1910 alterum
1416 1881 1524 1918 fluens,
1552 1881 1668 1908 tertium

146 1930 282 1961 mixtum.
320 1932 485 1965 nolendum
513 1942 609 1966 autem
637 1935 688 1966 has
712 1936 861 1972 κοινοτήτες
889 1941 934 1964 tot
957 1941 1045 1972 atque
1071 1933 1158 1963 tantis
1190 1933 1287 1963 dubiis
1316 1933 1469 1969 laborare;
1502 1933 1582 1969 quod
1610 1929 1668 1959 nisi

1630 1980 1674 2010 ito
