1913 2427
438 133 920 169 DISSERTATIO
987 141 1355 179 BOTANI‘CA,
1616 148 1658 193 37

138 223 207 253 mari
221 224 282 261 -J’am
305 223 350 253 his
375 223 472 252 locum
495 224 644 260 quemdam
670 225 811 261 seorsim,
828 233 978 264 exsurgere
1000 230 1133 267 majorem
1156 232 1308 269 cellulam,
1330 234 1472 271 ejusmodi
1498 236 1650 273 globulum

135 277 335 311 exhibentem,
359 282 386 304 et
406 275 574 305 habebimus
590 276 745 305 Lichenem
761 276 905 308 canicum.
940 280 1095 319 Fingamus
1114 283 1186 312 inter
1203 285 1275 313 hanc
1293 286 1460 315 cellulosam
1484 296 1652 325 compagem

138 336 290 365 exsurgere
311 329 429 364 aliquod
452 337 502 357 vas
528 330 650 366 spirale‚
679 330 735 359 hoc
759 331 904 368 elongari,
933 339 960 360 et
984 334 1090 363 elevare
1115 337 1199 364 talem
1230 337 1360 367 cellulam
1388 341 1522 375 capsulae
1543 340 1654 377 instar,

136 379 296 417 primordio
309 388 401 409 novae
413 380 525 416 plantae
541 382 694 418 temeram,
715 389 742 411 et
758 392 847 419 posse
861 385 1005 420 ejusmodi
1026 388 1160 417 cellulnn
1181 397 1211 417 se
1230 391 1359 419 claudere
1376 398 1403 420 et
1423 392 1557 428 dilatare,
1579 399 1592 431 (
1605 393 1655 428 qui

136 439 234 461 motus
251 433 334 460 etiam
358 440 424 460 cum
446 433 476 461 in
499 440 611 462 mortua
625 434 722 469 planta
740 434 887 470 obtineat,
913 436 1033 465 babetur
1055 439 1277 474 plioenomenon
1301 443 1597 482 hygr01netricurn]‚
1626 451 1654 474 et

136 484 303 513 habebimus
318 484 470 521 imaginem
488 485 578 522 Algae
588 485 836 522 Jungermanniae.
876 490 1032 527 Fingamus
1056 493 1219 524 Constrvas
1244 504 1392 526 concretas
1423 498 1590 527 adscendere
1609 498 1656 528 hie

137 544 167 565 et
189 536 269 572 illic,
291 536 442 565 intertexta
463 545 529 565 vasa
546 536 680 573 spiralia,
702 546 874 569 memoratos
896 541 1013 572 ferentia
1045 545 1200 582 globulos,
1231 557 1345 577 sursum
1380 549 1409 577 in
1437 550 1561 586 plantam
1588 551 1658 579 dila-

135 588 209 625 tari,
230 595 258 618 et
278 589 447 619 habebimus
473 589 622 626 imaginem
640 590 826 627 Fungorum,
849 601 921 628 quae
939 603 1003 629 pars
1027 597 1177 633 superior,
1201 600 1294 635 pileus
1317 600 1409 636 dicta,
1435 603 1481 630 vel
1495 603 1659 631 concrescit

136 648 204 669 cum
227 641 338 677 reliquo
361 642 504 670 celluloso
520 642 765 678 parenchymate,
787 645 902 680 quando
925 645 1031 674 dicitur
1045 648 1176 684 sessilis,
1202 651 1247 679 vel
1265 652 1411 687 elevatur,
1433 660 1460 681 et
1481 653 1586 681 dicitur
1607 654 1659 682 sti,-

133 693 267 730 pitatus,
284 694 326 721 vel
338 701 454 722 sursvum
468 694 612 729 elevatur,
628 695 662 722 ad
679 695 902 732 latera-pendula
915 718 924 732 ,
941 704 968 726 et
984 698 1089 728 dicitur
1098 701 1192 737 pileus
1207 705 1446 740 campanulatus;
1469 704 1531 740 ipse
1545 705 1657 741 stipes,

135 745 162 774 si
179 752 295 774 crassus
315 752 358 773 est
376 745 411 773 ad
427 744 527 780 basin,
543 745 650 774 dicitur
663 746 828 783 bulbosus,
848 749 881 778 ad
897 749 982 778 latera
1002 752 1206 789 ventricosus,
1227 754 1257 783 in
1275 755 1369 784 medio
1387 765 1490 784 cavum
1508 755 1658 793 formans,

137 796 313 833 fistulosus,
337 803 364 824 et
386 798 492 826 multas
515 798 583 826 alias
608 797 717 828 formas
745 799 870 829 induunt
897 801 1003 838 fungi,
1028 804 1062 831 ad
1085 804 1302 842 distinguendas
1330 807 1440 844 species
1463 808 1601 845 idoneas,
1623 817 1657 839 ex

129 854 310 878 una1tamen
335 848 492 884 eademque
512 848 619 878 fabrica
642 857 729 881 ortas.
1035 858 1037 860 ’

131 925 134 930 ,
170 898 327 936 Fingamus
343 900 467 928 eamdem
484 909 650 938 compagem
672 904 862 941 ceHfflosam,
883 912 911 934 at
933 915 993 935 non
1018 908 1148 943 ovalem,
1178 909 1229 938 sed
1247 909 1361 947 jamjam
1394 911 1588 949 hexagonam,
1616 918 1658 941 te·

130 959 215 982 nuem
237 951 318 987 fieri,
340 958 368 981 et
391 951 465 981 inter
488 954 609 983 cellulas
633 963 695 984 sese
715 955 871 987 immiscere
896 959 1006 987 canales
1034 959 1257 990 interccllulares
1271 982 1280 997 ,
1301 962 1411 998 hasque
1436 970 1537 992 tenues
1568 973 1655 994 mem-

130 1003 263 1033 branulas
280 1011 358 1032 nune
381 1003 437 1032 sibi
461 1004 633 1042 impositas,
658 1008 705 1035 vel
726 1008 914 1045 simpliciter,
934 1011 979 1038 vel
1002 1010 1196 1047 imbricatim,
1220 1014 1264 1042 vel
1286 1022 1351 1043 sese
1376 1014 1453 1043 varie
1472 1016 1651 1053 expandere3

128 1055 292 1092 fingamus,
321 1063 410 1084 unum
431 1057 476 1085 vel
495 1057 579 1094 plura
594 1067 661 1087 vasa
685 1059 802 1096 spiralia
824 1060 920 1089 efferre
942 1070 1023 1096 sese,
1046 1070 1073 1090 et
1092 1064 1200 1092 elevare
1223 1073 1307 1094 unam
1336 1066 1468 1095 cellulam
1499 1076 1653 1105 magnam,

127 1106 192 1136 aliis
213 1106 326 1136 cellulis
353 1108 567 1145 compositam,
588 1118 661 1146 quae
684 1110 713 1139 in
731 1119 761 1139 se
782 1113 927 1142 contineat
943 1114 1080 1149 globulos
1106 1116 1150 1144 vel
1174 1117 1330 1152 primordia
1352 1126 1444 1147 novae
1464 1120 1595 1155 plantae,
1618 1123 1646 1148 et

110 1158 298 1188 -habebimus
321 1158 447 1188 Muscos
467 1160 686 1198 Licopodium‚
707 1162 868 1199 Hypnum,
891 1165 1017 1200 Bryum,
1040 1175 1163 1202 quorum
1186 1167 1276 1197 forma
1299 1170 1403 1204 pendet
1425 1179 1439 1199 a
1466 1170 1523 1199 situ
1546 1172 1647 1203 horum

126 1211 312 1241 vasculorum
336 1211 506 1247 spii-alium,
529 1214 725 1250 magnitudine
751 1216 884 1252 cellulae,
907 1218 1041 1253 capsulae
1063 1218 1186 1255 similis,
1208 1221 1317 1256 reliqua
1341 1228 1454 1252 textura
1479 1223 1630 1253 cellulosa.

166 1262 321 1299 Fingamus
344 1263 455 1300 jamjam
481 1265 578 1300 augeri
599 1273 749 1295 numerum
773 1275 907 1296 vasorum
933 1269 1102 1305 spii-alium,
1133 1272 1200 1299 haec
1229 1272 1305 1300 coire
1330 1272 1359 1301 in
1393 1272 1553 1304 fasciculos
1575 1282 1653 1306 tene-

126 1312 237 1349 tiores,
260 1313 316 1342 hos
331 1321 397 1342 esse
419 1314 615 1345 circumdatos
640 1318 753 1347 cellulis
775 1319 937 1356 elongatis,
969 1322 1019 1349 bas
1047 1331 1113 1350 vero
1141 1323 1255 1359 cingere
1285 1324 1404 1354 cellulas
1434 1334 1553 1363 magnas
1583 1328 1654 1356 aeri·

127 1363 224 1400 feras,
242 1365 287 1394 vel
309 1365 449 1400 lacunas,
472 1373 521 1394 aut
545 1366 703 1397 fasciculos
724 1369 859 1398 fibrarum
887 1372 1104 1409 elongatarum,
1135 1374 1246 1409 (fibras
1269 1383 1362 1405 autem
1387 1377 1650 1408 demonstravimus

126 1424 187 1446 non
210 1424 272 1445 esse
289 1416 346 1444 nisi
371 1417 687 1457 cellulosam'telam),
717 1421 893 1450 circumdare
915 1432 982 1453 vasa
1008 1425 1124 1460 spiralia
1151 1427 1344 1456 membranula
1374 1428 1457 1457 fusc‘a
1480 1429 1595 1466 cincta,
1622 1438 1649 1460 et

127 1467 266 1496 habemus
287 1467 410 1503 speciem
431 1468 520 1505 Ligni
543 1470 751 1508 simplicioris,
771 1472 819 1500 cui
843 1474 947 1502 desunt
971 1475 1039 1504 radii
1057 1477 1238 1507 medullares.
1273 1478 1431 1515 Fingamus
1453 1481 1593 1518 ejusmodi
1617 1482 1652 1511 li-

126 1527 236 1556 gnosos
256 1518 376 1547 tubulos
392 1519 427 1548 ad
443 1521 529 1549 latera
548 1522 659 1557 emitti,
683 1523 743 1551 fieri
760 1524 939 1561 teneriores,
967 1526 997 1555 in
1020 1527 1139 1563 amplam
1165 1529 1311 1565 planitiem
1340 1538 1522 1561 excrescente
1551 1542 1654 1570 paren-

128 1569 281 1606 chymate,
302 1570 329 1598 id
353 1578 397 1599 est
420 1571 562 1608 simplicia
585 1573 726 1603 formante
746 1575 836 1611 folia,
858 1582 884 1604 et
901 1576 973 1606 ferre
989 1579 1034 1606 vel
1051 1579 1086 1607 ad
1108 1580 1217 1609 radices
1241 1583 1417 1618 corpuscula
1441 1583 1580 1620 globosa,
1603 1587 1649 1615 vel

125 1621 161 1650 ad
187 1621 294 1657 apicem
322 1622 457 1652 bacculas
480 1630 529 1652 aut
549 1626 706 1662 capsulas,
735 1627 779 1655 vel
802 1627 852 1656 has
879 1629 989 1657 easdem
1018 1630 1053 1658 ad
1075 1631 1159 1660 dorsa
1184 1632 1340 1669 foliorum,
1369 1642 1396 1662 et
1418 1634 1558 1666 habemus
1580 1638 1650 1666 ima-

130 1672 223 1709 ginem
247 1673 380 1714 cujusvis
403 1674 521 1712 Filicis;
544 1685 666 1712 quorum
692 1678 799 1714 primae
821 1679 959 1709 dicuntur
976 1681 1205 1719 rhizospermae‚
1231 1685 1372 1714 secundae
1393 1687 1559 1725 spiciferae,
1583 1692 1651 1720 ulti-

128 1731 189 1752 mae
209 1724 506 1763 epipbyllospermae3
529 1727 665 1757 differunt
681 1736 774 1758 autem
795 1731 868 1760 inter
889 1741 920 1761 se
940 1733 1030 1762 filices
1049 1743 1219 1771 magnopere
1240 1736 1457 1775 magnitudine3
1484 1749 1550 1769 cum
1571 1742 1645 1772 enim

127 1775 245 1811 exiguas
270 1775 376 1804 filicum
404 1778 513 1813 species
536 1778 655 1816 frigidae
672 1781 818 1818 proferant
839 1784 990 1820 regiones,
1013 1787 1123 1822 magnis
1149 1787 1293 1817 abundant
1315 1789 1526 1827 calidissimae,
1554 1801 1645 1823 caete-

128 1834 191 1855 rum
208 1827 313 1863 sim-iles
331 1827 437 1856 formas
460 1829 666 1868 retinentibus,
688 1840 720 1861 ut
737 1834 796 1863 sint
823 1836 868 1864 vel
892 1845 927 1873 30
943 1845 1029 1873 ——35
1056 1839 1140 1873 pedes
1168 1839 1248 1868 altae.
1294 1840 1448 1877 Ejusmodi
1471 1844 1649 1874 comitantur

128 1877 160 1907 in
187 1878 321 1907 ‘America
345 1879 522 1910 meridionali
552 1882 721 1913 Cinchonas
752 1888 877 1926 (100);
924 1894 951 1917 et
982 1894 1075 1919 tamen
1110 1890 1210 1920 harum
1239 1892 1408 1929 magnitudo
1439 1895 1523 1925 nullo
1558 1898 1646 1926 modo

1569 1955 1647 1977 com·

158 2004 238 2035 (ιοο)
252 2006 376 2029 [lu-halare
390 2009 635 2041 namur-rafinum,
656 2019 680 2041 p.
693 2020 742 2043 ¹⁵²·

896 2057 961 2095 Ea
