1913 2427
661 145 1049 184 ORATIO.
1552 154 1597 187 23

114 247 237 273 testare
259 239 422 277 studeam,
444 237 496 271 vei
519 244 557 270 ut
580 244 670 270 tanto
697 238 855 271 beneficio
885 239 967 271 bene
997 240 1115 271 factum
1150 250 1218 271 esse
1242 239 1429 280 ostendam,
1459 242 1593 284 ejusque,

113 284 405 329 auctoribus'hene
429 304 461 328 et
485 298 553 339 ipse
581 296 800 339 respondeam.
853 299 921 339 Ego
952 298 983 328 si»
1015 305 1104 328 tanto
1145 308 1278 329 munere
1311 304 1441 329 auctum
1469 310 1520 330 me
1549 301 1602 332 in-

113 354 298 386 credibilem
333 355 366 385 in
403 353 537 385 modum
565 353 673 384 laetari
708 364 844 397 negem,
877 365 1077 397 quamquam
1109 355 1141 385 id
1172 353 1253 386 forie
1279 355 1510 386 moderationis
1538 357 1595 393 sit;

111 411 170 443 secl
191 412 327 442 mentiar
353 410 515 454 profecto:
547 412 580 442 in
607 422 678 454 quos
698 421 832 454 genere,
866 411 893 441 si
915 413 1008 453 quasi
1037 411 1205 443 cumulum
1229 411 1376 443 accedere
1411 413 1595 459 esistimant

112 468 156 499 ab
181 479 288 499 amore
309 475 340 499 et
365 468 606 506 benevolentia,
642 468 683 499 ab
714 469 783 511 ipsa
802 468 955 510 gravitate
978 476 1010 500 et
1037 468 1207 511 prudentia
1243 480 1375 507 eorum,
1403 470 1460 512 qui
1486 469 1590 502 conso

110 533 213 560 runt;
241 525 322 556 mihi
351 535 427 556 sane
455 525 642 557 conceditur
666 536 745 556 eum
767 524 867 556 Vobis
886 549 894 563 ,
922 525 992 557 Viri
1019 525 1228 556 illustris³imi
1259 533 1290 557 et
1326 528 1590 567 Generosissimi‚

114 582 260 613 animum
280 580 545 625 significaressqui
570 589 674 625 potest
697 593 766 613 esse
789 582 1005 625 gratissimus,
1037 593 1201 625 quemque
1227 589 1259 614 et
1285 582 1423 626 publicis
1449 586 1591 622 meritis,

112 645 143 670 et
169 639 301 682 privatis
334 638 509 671 virtutibus
544 639 718 681 arctissime
744 638 844 670 Vobis
868 639 1093 672 obstrinxistis.
1147 641 1269 683 Pergite
1298 640 1407 671 eadem
1434 641 1592 673 industria

111 697 305 739 optimarum
334 697 451 727 artium
474 696 591 727 studiis
616 696 802 739 invigilare,
834 698 927 738 cujus
957 707 1031 744 eum
1066 696 1275 728 laetissimum
1301 698 1482 741 percipiatis
1505 697 1591 730 fruc-

115 758 214 792 tum,
245 752 345 786 Vobis
370 760 407 785 ut
439 753 496 785 diu
531 753 608 785 haec
640 753 813 786 Academia
844 760 876 787 et
907 753 1058 792 salutem,
1093 760 1124 785 et
1153 754 1282 794 florem,
1312 762 1345 786 et
1370 756 1591 787 auctoritatem

115 808 250 848 debeat,
271 810 477 842 vehementer
500 818 588 855 opto,

175 867 212 897 In
230 869 380 899 Vestrum
399 868 547 901 ordinem
574 868 652 903 dum
677 870 823 908 intueor,
844 868 1026 913 Magnifice
1040 872 1171 908 Rector,
1204 870 1384 913 caeterique
1406 870 1595 914 quarumvis

108 921 351 967 disciplinarum
373 925 590 964 Professores,
614 927 683 958 Viri
712 927 784 966 CL,
818 926 948 959 difficile
981 927 1068 958 dictu
1105 934 1169 964 est,
1201 927 1281 970 quid
1306 928 1451 960 sentiam.
1499 929 1590 968 Quo-

105 985 180 1012 rum
209 992 270 1025 ego
289 988 322 1013 et
347 984 535 1026 gravitatem
561 990 682 1016 veritus
705 995 793 1023 sum,
824 991 855 1015 et
880 985 1063 1020 comitatem
1092 984 1214 1023 dilexi,
1244 991 1275 1016 et
1300 985 1502 1028 disciplinam
1525 991 1592 1016 stu-

107 1037 200 1070 diose
224 1045 352 1070 secutus
371 1051 466 1079 sum,
492 1047 523 1071 et
547 1041 815 1073 consuetudinem
843 1042 1057 1084 maximopere
1079 1043 1238 1085 expetivi,
1264 1042 1299 1072 in
1324 1041 1512 1073 eorumdem
1535 1052 1588 1074 me

102 1106 236 1138 quoque
262 1095 434 1139 collegium
464 1103 496 1128 et
526 1099 668 1129 muneris
698 1099 880 1129 societatem
904 1098 1059 1129 adscitum
1092 1109 1183 1138 esse,
1217 1099 1296 1130 mire
1321 1098 1491 1130 conturbat
1521 1099 1592 1131 ani·

104 1152 152 1183 mi
176 1153 240 1183 mei
272 1163 411 1185 sensum.
472 1154 575 1194 Quid,
606 1155 695 1197 quod
723 1166 774 1186 me
800 1153 943 1191 inferiori
980 1156 1050 1186 loco
1088 1155 1189 1187 Vobis
1213 1155 1360 1186 additum
1379 1179 1389 1194 ,
1422 1167 1497 1187 cum
1527 1167 1588 1200 ego

104 1209 141 1240 in
165 1211 275 1241 Vestra
301 1211 450 1242 comitate
480 1219 511 1243 et
533 1212 688 1255 sapientia
710 1212 910 1254 acquiescere
933 1212 1114 1251 studerem,
1146 1213 1188 1244 ita
1219 1223 1270 1244 me
1298 1212 1482 1256 excepistis,
1505 1223 1585 1257 qua-

103 1266 132 1297 si
157 1265 284 1298 nullum
310 1267 393 1298 inter
420 1269 484 1299 Vos
518 1275 550 1299 et
574 1280 625 1300 me
654 1269 705 1300 vel
738 1270 888 1312 ingenii,
917 1270 968 1301 vel
995 1269 1208 1309 eruditionis,
1239 1269 1289 1301 vel
1316 1269 1418 1301 famae
1441 1269 1582 1314 denique

96 1322 314 1355 intercederet
339 1324 535 1357 discrimen?
579 1325 668 1357 Nihil
696 1333 743 1358 est
765 1327 887 1368 igitur,
914 1327 1002 1369 quod
1033 1329 1179 1358 Vestram
1204 1337 1351 1371 expetam
1386 1328 1578 1367 amicitiam,

103 1379 162 1413 sed-
183 1381 327 1412 eamdem
353 1383 519 1424 cognitam
543 1383 610 1425 ipse
637 1384 745 1427 potius
771 1383 879 1415 officio
901 1395 936 1415 ac
963 1387 1078 1427 pietate
1103 1383 1215 1415 colam.
1271 1387 1359 1425 Quae
1383 1386 1410 1417 si
1432 1385 1583 1429 inprimis

102 1443 134 1467 et
159 1439 319 1477 nascitur,
347 1445 379 1469 et
402 1446 475 1470 nata
501 1447 657 1482 augetur,
679 1440 697 1471 ὲ
726 1441 914 1472 studiorum
937 1449 968 1472 et
995 1441 1200 1472 voluntatum
1228 1442 1466 1483 consensione,
1497 1442 1583 1474 idem

101 1500 133 1525 et
159 1495 255 1525 Vobis
280 1501 312 1526 et
335 1495 417 1526 mihi
442 1504 646 1539 propositum
670 1508 738 1530 esse
761 1509 830 1529 non
854 1497 969 1528 dubito
993 1497 1169 1536 affirmare,
1201 1504 1238 1529 ut
1269 1498 1330 1530 hoc
1353 1499 1420 1530 otio
1447 1506 1477 1531 et
1501 1500 1584 1532 vitae

92 1551 330 1594 ‚tranquillitate
352 1552 392 1584 ad
414 1553 563 1585 scientiae
589 1555 795 1590 sua-vitatem,
819 1554 1062 1598 disciplinarum
1089 1554 1285 1593 custodiam,
1309 1555 1492 1598 juventutis
1516 1568 1584 1589 eru·

93 1606 282 1648 ditionem,
312 1612 495 1654 patriaeque
532 1611 788 1644 emolumentum
826 1612 982 1643 utendum
1020 1624 1089 1644 esse
1119 1613 1354 1646 existimemus.
1400 1614 1440 1646 In
1464 1614 1585 1658 quihus

101 1664 216 1698 officiis
242 1677 280 1698 ac
308 1667 498 1699 muneribus
528 1669 571 1699 ita
603 1680 654 1701 me
685 1670 788 1710 Vestri
812 1669 1087 1701 studiosissimum
1119 1670 1300 1707 habebitis,
1324 1677 1360 1702 ut
1375 1671 1588 1704 Vestrasdlau-

99 1722 156 1754 des
184 1723 353 1763 aemulari,
384 1731 591 1769 nostramque
618 1726 881 1770 conjunctionem
914 1728 1004 1759 omni
1036 1727 1240 1760 observantia
1277 1728 1402 1769 colere,
1433 1730 1514 1762 mihi
1551 1737 1584 1762 et

105 1782 309 1824 propositum
337 1788 369 1813 et
393 1790 539 1826 optatum
568 1785 620 1817 sit.

166 1840 256 1878 Quae
289 1841 477 1882 conjunctio
495 1864 503 1879 ‚
536 1847 575 1872 ut
611 1853 688 1873 cum
721 1842 854 1886 reliquis
876 1842 1006 1886 collegis
1031 1854 1165 1886 magna,
1195 1845 1239 1875 ita
1262 1850 1389 1882 tecum,
1414 1847 1577 1889 Borgere,

99 1896 139 1929 V.
155 1894 227 1935 CL,
255 1897 398 1928 maxima
420 1898 461 1929 sit
488 1909 616 1931 necesse
641 1906 706 1938 est,
736 1902 792 1943 qui
818 1911 944 1932 mecum
978 1900 1054 1938 huic
1081 1900 1298 1933 nobilissimae
1331 1902 1392 1933 arti
1422 1902 1584 1945 explican-

96 1950 156 1984 dae
177 1954 375 1996 praepositus
395 1965 440 1987 es.
494 1955 564 1998 Ipse
588 1956 636 1988 nil
668 1956 862 2000 magnopere
894 1957 1026 1996 adfero,
1062 1965 1187 2001 praeter
1220 1958 1400 1991 brevissimi
1430 1960 1582 2002 temporis

103 2018 222 2051 usum,
251 2011 300 2042 Tu
318 2010 464 2055 plurium
494 2022 656 2048 annorum
677 2014 901 2060 disciplinam,
922 2016 1042 2048 claram
1072 2016 1230 2060 ingenio,
1259 2015 1484 2057 eruditione,e
1500 2026 1574 2058 gre·

1527 2071 1591 2116 giis
