1913 2427
343 128 823 161 DISSERTATIO
889 129 1438 168 PHILnOSOPHICAr
1599 135 1643 167 23

129 220 156 254 '„
175 215 308 246 lateret.”
328 215 439 252 (Orat.
462 224 490 244 c.
509 215 584 254 71.)
611 236 628 252 ‚‚
645 216 758 252 Nos,’'
778 216 882 254 igitur,
914 237 931 253 .‚
953 219 1002 254 qui
1020 218 1167 255 sequimur
1187 220 1366 256 probabilia,
1388 229 1440 249 nec
1464 222 1536 251 ultra
1552 231 1637 258 quam

129 288 148 304 ,‚
167 268 216 303 id,
238 267 318 304 quod
337 266 500 295 verosimile
514 267 660 302 occurrit,
685 267 816 304 progredi
834 276 992 304 possumus
1004 290 1013 304 ,
1034 276 1062 298 et
1078 269 1201 300 refellere
1219 271 1280 302 sine
1303 272 1479 309 pertinacia,
1501 280 1528 302 et
1545 274 1636 303 refelli

127 339 146 355 „
166 319 227 348 sine
246 318 411 353 iracundia,
437 317 528 354 parati
554 326 663 348 sumus.
675 317 693 329 '³
714 318 819 354 (Ti-Jsc.
842 318 882 355 Q.
906 318 957 348 IV.
978 322 1030 357 4,)

161 370 274 398 Morem
298 377 399 405 nempe
421 369 597 398 Graecorum
625 369 745 399 Scholas
767 369 904 404 habendi,
933 378 1002 406 seu,
1033 381 1089 407 qua
1112 374 1146 402 de
1166 383 1194 402 re
1215 374 1282 410 quis
1303 375 1388 403 vellet
1407 375 1521 411 audire,
1551 376 1586 404 de
1608 386 1639 406 ea

123 429 262 459 perpetua
292 420 420 449 orat10ue
448 420 635 457 disputandi,
663 429 746 457 quem
775 428 855 450 antea
884 421 996 457 quidem
1028 425 1086 461 (de
1111 426 1177 454 Fin.
1208 426 1244 455 ΙΙ.
1270 427 1320 463 1.)
1350 435 1401 455 nec
1426 428 1560 461 Socrati,
1588 435 1640 456 nec

123 472 200 508 sibi,
221 472 392 508 probatum,
412 473 463 500 sed
486 472 689 508 sophistarum
722 481 800 508 esse,
829 473 1032 510 affirmaverat,
1058 485 1113 505 suo
1138 484 1230 506 tamen
1252 484 1381 514 tempore
1405 478 1434 506 in
1455 479 1637 507 Academiam

117 524 176 562 J'am
196 527 362 560 receptum,
387 524 514 554 eumdem
538 530 565 552 et
587 524 651 561 ipse
672 524 771 553 Cicero
791 530 892 560 postea
923 531 1040 555 secutus
1064 534 1127 563 est,
1153 529 1258 557 ductus
1275 529 1426 564 praecipue
1457 529 1554 557 studio
1577 530 1637 557 elo-

123 573 266 609 quentiam
294 581 322 602 et
351 574 462 603 dicendi
487 575 597 603 laudem
623 583 688 603 cum
713 574 906 610 Philosophia
935 578 1144 615 conjungendi:
1175 580 1254 614 quod
1282 585 1309 608 et
1338 586 1502 608 assecutum
1527 589 1589 609 esse
1610 589 1640 609 se

121 625 295 661 arbitratur,
321 625 380 663 (de
396 625 471 663 Offic.
492 625 515 655 L
539 628 594 663 1.)
633 626 709 662 Sed,
731 632 764 654 ut
781 626 869 662 paulo
887 627 976 663 magis
994 629 1060 658 haec
1076 630 1277 666 illustrentur,
1298 631 1427 660 instituti
1444 631 1488 660 sui
1502 632 1640 660 rationem

122 679 186 716 ipse
203 687 328 718 exponat
350 680 463 710 Tullius
483 680 584 716 (thsc.
607 681 647 719 Q.
668 683 694 711 Ι.
718 684 769 717 3.)
812 701 830 717 „
850 681 880 709 Si
905 681 1013 717 aliquid
1036 681 1183 710 Oratoriae
1206 682 1284 711 laudi
1311 689 1411 711 nostra
1427 683 1577 711 attulimus
1597 683 1641 711 iu-

122 751 140 766 „
162 732 286 767 dustria,
309 732 402 760 multo
424 732 586 760 studiosius
611 731 814 768 Philosophiae
844 732 940 761 fontes
968 733 1125 768 aperiemus
1142 755 1152 768 ,
1182 742 1197 762 e
1219 734 1325 770 quibus
1356 734 1439 762 etiam
1471 734 1519 763 illa
1549 743 1642 764 mana-

122 803 142 819 „
162 784 241 813 bant.
272 783 326 819 (c.
355 783 412 820 4.)
453 784 528 819 Sed,
559 790 592 812 ut
622 783 810 819 Aristoteles,
840 784 883 812 vir
915 793 1028 812 summo
1055 784 1189 820 ingenio,
1217 785 1410 821 scientiaeque
1441 785 1544 822 copia,
1573 795 1641 815 cum

124 854 143 871 ‚‚
164 841 261 863 motus
284 841 358 863 esset
379 835 518 863 Isocratis
537 835 659 863 rhetoris
673 835 784 871 gloria,
807 835 899 863 dicere
919 837 1001 865 etiam
1023 837 1136 873 coepit,
1157 837 1352 866 adolescentes
1377 838 1499 872 docere,
1521 843 1548 865 et
1568 845 1638 873 pru-

122 907 142 923 „
162 887 286 916 dentiam
310 896 375 916 cum
401 888 565 923 eloquentia
583 888 723 924 J'ungere,
745 887 787 915 sic
810 887 895 915 nobis
916 888 1026 922 placet,
1047 896 1099 916 nec
1124 888 1279 924 pristinum
1307 888 1419 917 dicendi
1445 888 1572 917 studium
1595 889 1643 917 de-

122 958 141 974 „
160 947 285 974 ponere,
306 945 333 966 et
354 938 384 967 in
408 938 460 966 hac
486 939 591 975 majore
614 945 642 966 et
665 938 793 966 uberiore
814 944 873 966 arte
894 939 1015 967 versari:
1043 939 1115 967 hanc
1140 940 1213 968 enim
1237 939 1392 976 perfectam
1422 939 1642 975 Philosophiam

123 1009 142 1024 „
161 998 272 1025 semper
298 989 454 1026 judicavi,
491 998 564 1024 quae
585 982 628 1018 'de
651 990 781 1018 maximis
812 989 1032 1024 quaestionibus
1062 991 1182 1027 copiose
1209 997 1309 1026 posset
1344 997 1501 1026 ornateque
1535 990 1637 1020 dicere.

120 1061 140 1079 „
160 1041 192 1069 ln
219 1049 303 1076 quam
337 1040 566 1069 exercitationem
603 1040 642 1068 ita
669 1049 723 1069 nos
756 1042 885 1070 studiose
924 1050 1037 1077 optram
1070 1043 1223 1078 dedimus,
1251 1049 1285 1071 ut
1313 1043 1370 1080 jam
1400 1043 1482 1071 etiam
1517 1042 1640 1071 Scholas

118 1113 139 1130 ¹,
158 1093 336 1122 Graecorum
365 1101 443 1122 inore
471 1093 573 1122 habere
606 1094 789 1122 auderemus:
822 1101 855 1123 ut
881 1101 972 1131 nuper
1004 1093 1034 1122 in
1065 1093 1242 1129 Tusculano,
1272 1103 1337 1122 cum
1359 1100 1454 1123 essent
1475 1095 1640 1130 complures

116 1165 137 1182 ‚,
155 1153 266 1175 mecum
289 1144 462 1180 familiares,
488 1144 614 1180 tentavi,
640 1144 711 1180 quid
741 1145 771 1174 in
804 1154 838 1174 eo
865 1153 963 1182 genere
987 1144 1110 1181 possim.
1151 1145 1193 1174 Ut
1215 1146 1290 1174 enim
1323 1152 1403 1174 antea
1426 1145 1641 1174 declamitabam

117 1216 138 1233 ‚‚
157 1205 277 1232 causas,
299 1198 379 1233 quod
400 1205 484 1225 nemo
507 1204 552 1224 me
574 1197 684 1225 diutius
707 1196 798 1231 fecit,
821 1197 862 1225 sic
886 1197 955 1225 haec
979 1195 1049 1224 mihi
1065 1204 1142 1224 nunc
1162 1194 1260 1224 senilis
1283 1203 1329 1224 est
1361 1196 1542 1225 declamatio.
1582 1196 1639 1225 Po-

117 1268 138 1284 „
157 1256 223 1276 nere
243 1247 394 1286 J'ubebam,
422 1248 457 1276 de
481 1256 542 1284 quo
568 1248 635 1284 quis
660 1248 756 1276 audire
780 1248 882 1276 vellet:
913 1249 947 1278 ad
972 1247 1000 1275 id
1018 1254 1067 1276 aut
1093 1248 1216 1283 sedens,
1246 1254 1296 1276 aut
1317 1247 1487 1283 ambulans,
1510 1246 1645 1284 disputa-

117 1318 138 1334 „
158 1299 231 1329 bam.
272 1299 372 1334 Itaque
397 1299 506 1328 dierum
533 1309 550 1335 5
574 1299 716 1334 Scholas,
739 1305 771 1327 ut
796 1298 902 1327 Graeci
924 1299 1088 1335 appellant,
1110 1298 1140 1327 in
1157 1298 1277 1327 totidem
1302 1298 1393 1327 libros
1415 1298 1537 1328 contuli.
1580 1298 1642 1326 Fie-

117 1370 137 1386 ,‚
156 1350 205 1378 bat
226 1356 318 1379 autem
338 1349 395 1386 ita,
425 1356 458 1378 ut
481 1350 609 1385 cumis,
638 1350 688 1385 qui
709 1350 808 1379 audire
833 1350 937 1385 vellet,
967 1349 1107 1384 dixisset,
1136 1349 1206 1385 quid
1230 1350 1288 1378 sibi
1307 1351 1473 1385 videretur,
1501 1356 1562 1377 tum
1587 1357 1642 1386 ego

115 1419 136 1436 ,‚
155 1408 257 1430 contra
280 1401 412 1430 dicerem.
453 1401 531 1430 Haec
555 1407 598 1430 est
621 1400 694 1429 enim
714 1416 753 1423 —
771 1406 855 1430 vetus
878 1406 906 1428 et
933 1402 1086 1430 Socratica
1112 1402 1186 1430 ratio
1210 1409 1310 1429 contra
1336 1401 1452 1430 alterius
1474 1400 1639 1437 opinionem

119 1472 138 1488 ,‚
159 1451 334 1481 disserendi:
357 1461 420 1481 nam
447 1452 487 1480 ita
514 1451 666 1487 facillime,
690 1452 761 1488 quid
785 1452 849 1480 veri
868 1451 1047 1481 simillimum
1070 1460 1163 1488 esset,
1185 1453 1307 1481 inveniri
1328 1461 1416 1488 posse
1439 1453 1572 1481 Socrates
1597 1460 1641 1480 ar-

116 1523 136 1540 „
156 1502 353 1533 bitrabatur.”
375 1504 457 1540 (vid.
479 1503 583 1535 Davis.
609 1503 651 1533 ad
670 1504 699 1533 h.
723 1503 745 1531 l.
775 1509 803 1531 et
818 1502 901 1531 conf.
924 1503 1007 1533 Tusc.
1029 1504 1070 1541 Q„
1093 1504 1133 1533 ΙΙ.
1155 1512 1183 1533 2.
1205 1505 1258 1540 3.)
1297 1503 1345 1532 Sic
1372 1503 1506 1538 Hirtius,
1536 1503 1570 1531 ad
1593 1502 1641 1531 Ci-

117 1565 248 1584 ceronem
280 1556 438 1591 accedens,
468 1556 565 1585 eodem
596 1556 682 1584 modo
711 1563 818 1592 ponere
849 1555 986 1592 aliquid,
1012 1557 1048 1584 ad
1069 1556 1148 1592 quod
1178 1555 1299 1590 audiat,
1328 1555 1429 1591 cupit,
1459 1563 1523 1583 cum
1554 1555 1640 1584 hanc.

124 1627 144 1645 „
163 1607 400 1637 Academicorum
427 1614 527 1638 contra
552 1607 737 1644 propositum
755 1606 922 1642 disputandi
947 1607 1206 1642 consuetudinem,
1231 1606 1393 1635 ciceronum
1417 1606 1582 1643 suscepisse
1597 1606 1641 1634 in·

120 1679 140 1696 „
159 1660 255 1689 dicent
277 1660 457 1690 Tusculanae
477 1658 730 1696 disputationes.”
750 1658 809 1695 (de
825 1658 900 1686 Fato
920 1667 945 1688 c.
969 1659 1023 1695 2.)
1062 1658 1109 1687 Ad
1126 1658 1254 1686 eumdem
1272 1658 1347 1687 hunc
1367 1666 1474 1686 morem
1500 1655 1640 1686 referendi

117 1711 176 1741 loci
201 1718 281 1741 antea
310 1712 366 1748 J'am
399 1711 478 1740 citati
508 1711 591 1740 Tusc.
612 1710 652 1748 Q,
681 1711 716 1740 ΙΙ.
739 1719 766 1740 2.
790 1719 819 1746 3.
849 1709 900 1740 IV.
921 1719 949 1745 4.
979 1709 1017 1739 V.
1039 1718 1070 1744 4.
1104 1709 1137 1738 cle
1163 1709 1267 1739 Divin.
1288 1709 1323 1739 H.
1348 1718 1394 1745 72.
1435 1708 1636 1746 Explicandus

115 1760 183 1791 inde
203 1763 287 1792 etiam
309 1764 392 1792 locus
418 1763 500 1792 Tmo.
521 1761 564 1799 Q,-
585 1761 625 1792 V.
650 1770 695 1791 10.
728 1781 746 1796 „
765 1767 849 1789 acute
874 1760 1051 1796 disputantis
1081 1761 1154 1789 illud
1177 1766 1239 1796 est,
1267 1769 1326 1790 non
1355 1760 1425 1796 quid
1451 1759 1576 1796 quisque
1596 1758 1640 1787 di·

118 1832 137 1850 ,‚
157 1821 222 1850 cat,
242 1816 292 1844 sed
316 1814 386 1851 quid
411 1815 517 1850 cuique
542 1813 692 1842 dicendum
718 1813 776 1848 sit,
802 1812 916 1847 videre3
943 1813 1022 1840 velut
1046 1811 1075 1840 in
1102 1820 1133 1840 ea
1157 1812 1218 1848 ipsa
1239 1812 1397 1847 sententia,
1425 1820 1508 1848 quam
1530 1811 1559 1840 in
1583 1811 1637 1839 hac

121 1884 140 1900 „
159 1864 355 1901 disputatione
380 1868 569 1905 suscepimus,
598 1873 697 1894 omnes
721 1864 816 1894 bonos
837 1867 954 1899 ‘semper
983 1864 1081 1893 beatos
1112 1863 1240 1893 volumus
1262 1862 1362 1892 esse.”
1384 1879 1422 1884 -
1449 1862 1545 1898 Negat
1568 1868 1638 1890 vero

119 1915 238 1951 Cicero,
259 1916 356 1953 (ibid.
377 1918 417 1946 V.
442 1920 510 1957 11.)
530 1924 630 1948 contra
653 1918 745 1954 illud,
767 1917 846 1955 quod
869 1925 946 1945 nunc
963 1915 1140 1952 disputaret,
1162 1923 1251 1943 unum
1273 1913 1549 1949 alterumveLquod
1575 1912 1638 1947 ipse

119 1965 274 2003 aliquando
293 1974 394 1999 contra
414 1969 488 1999 sorte
507 1970 631 2000 dixisset
652 1976 702 1999 aut
735 1969 918 2006 scripsisset,
946 1975 1009 1998 esse
1030 1967 1227 1997 adducendum
1251 1972 1300 1996 aut
1319 1965 1541 2001 conserendum3
1571 1968 1638 1990 cum

1575 2011 1642 2042 aliis
