1913 2427
233 136 278 178 54
587 140 613 175 J.
698 140 1416 177 R.T1-101tssncxa

238 247 257 265 ‚,
277 225 457 263 singulorum
473 225 560 255 saluti
574 232 775 263 anteponunt,
795 227 837 257 sic
853 227 898 256 vir
918 227 1035 263 boum,
1058 235 1087 258 et
1111 229 1246 266 sapiens,
1267 236 1296 259 et
1320 230 1432 268 legibus
1457 237 1578 268 parens,
1606 239 1635 262 et
1656 233 1754 264 civilis

241 298 261 315 ,‚
281 277 367 307 officii
385 285 444 306 non
460 277 595 318 ignatus,
611 278 734 308 *utilitati
749 279 876 309 omni-um
887 279 970 316 plus,
989 288 1075 316 quam
1094 281 1181 310 unius
1194 281 1318 318 aliqu'us
1332 289 1380 311 aut
1391 291 1478 319 suae,
1496 283 1635 313 consulit.
1651 299 1688 308 -·
1705 284 1757 314 En

240 350 259 367 „
280 338 340 365 quo
359 329 411 365 fit,
440 335 473 358 ut
494 329 654 359 laudandus
675 329 714 359 sit
736 330 781 366 is,
811 331 863 367 qui
889 337 1009 360 mortem
1040 338 1158 369 oppetat
1185 341 1239 370 pro
1266 342 1348 370 rep,‚
1378 334 1458 371 quod
1483 335 1583 365 doceat
1608 332 1746 366 cariorem

235 400 257 416 „
277 388 342 409 esse
363 379 483 416 patriam
505 381 612 417 nobis,
633 389 718 417 quam
742 382 948 419 nosmetipsos.
961 381 981 394 ”
994 383 1052 420 (dc
1064 384 1130 414 Ft'n.
1150 384 1203 414 III.
1226 385 1296 423 19.)
1311 401 1350 408 --
1367 385 1448 422 „Sed
1465 392 1537 423 quae
1552 394 1653 416 natura
1670 387 1751 424 prin-

236 452 257 469 „
275 431 352 468 cipia
378 431 437 461 sint
459 432 678 462 communitatis
703 438 732 462 et
760 433 906 462 societatis
931 434 1095 472 humanae,
1123 437 1305 473 repetendum
1327 437 1412 467 altius
1435 437 1558 467 videtur.
1597 438 1652 467 Est
1674 438 1757 468 enim-

235 501 256 519 ‚‚
274 483 419 520 primum,
441 484 520 520 quod
535 484 663 514 cernitur
680 485 712 514 in
738 485 866 515 universi
888 485 997 523 generis
1021 486 1137 516 humani
1161 488 1313 525 societate3
1343 489 1404 526 ejus
1423 495 1516 518 autem
1537 488 1687 519 vinculum
1707 496 1756 519 est·

236 554 257 571 „
277 533 350 564 ratio
369 541 397 563 et
414 535 506 564 oratio
524 535 724 573 (conciliatrix
740 537 878 566 humanae
895 538 1017 567 maxime
1036 540 1205 576 societatis,
1225 540 1263 569 de
1285 541 1376 579 chg.
1395 540 1421 570 Ι.
1443 542 1498 579 9.)
1515 549 1589 578 quae
1600 541 1750 577 docendo,

234 606 256 623 „
275 587 435 624 discendo,
455 590 716 627 communicando,
737 591 945 628 disceptando,
963 592 1138 629 judicando,
1159 592 1294 621 conciliat
1317 592 1389 621 inter
1408 601 1439 622 se
1460 593 1608 628 homines»,
1630 593 1755 630 conjun-

232 657 253 674 ,‚
273 638 374 675 gitque
394 641 518 670 naturali
538 642 658 677 quadam
678 642 826 672 societate.
864 643 970 680 Neque
993 644 1054 673 ulla
1083 652 1112 673 re
1137 644 1254 681 longius
1278 644 1417 674 absumus
1439 653 1455 673 a
1477 650 1578 673 natura
1602 644 1723 673 ferarum
1735 657 1756 680 ‚-

225 710 252 730 0,
272 691 303 721 in
330 692 438 728 quibus
471 693 566 723 inesse
596 694 794 724 fortitudinem
828 704 912 732 saepe
935 696 1079 731 dicimus,
1107 701 1140 724 ut
1162 695 1193 724 in
1224 696 1327 732 equis,
1353 694 1384 725 in
1403 695 1560 731 leonibus;
1589 695 1755 733 justitiam,

230 761 253 779 ‚,
272 743 462 780 nequitatem,
483 745 641 774 bonitatem
662 754 723 775 non
747 745 885 776 dicimus:
916 753 987 775 sunt
1005 747 1081 775 enim
1105 746 1226 775 rationis
1252 753 1281 775 et
1305 746 1442 776 orationis
1465 752 1606 782 expertes.
1647 746 1692 775 Ac
1711 746 1755 774 la·

233 813 255 831 2,
275 795 388 824 tissime
406 796 520 832 quidem
537 804 637 833 patens
652 797 821 827 hominibus
841 798 915 827 inter
931 797 1033 835 ipsos,
1055 797 1191 827 omnibus
1216 797 1289 826 inter
1311 806 1432 834 omnes,
1454 797 1577 826 societas
1602 797 1670 826 haec
1691 802 1755 825 esta

232 863 253 882 ,‚
274 844 304 874 in
322 854 378 882 qua
395 847 522 876 omnium
540 856 652 884 rerum,
671 857 741 885 quas
759 850 794 878 ad
813 855 993 879 communem
1010 850 1162 879 hominum
1188 858 1272 879 usum
1296 856 1397 879 natura
1414 849 1534 886 genuit,
1556 854 1601 877 est
1615 847 1753 877 servanda

233 915 256 933 ὴ
273 897 485 928 communitas:
509 908 585 935 quae
606 900 749 936 descripta
765 906 834 929 sunt
849 900 962 937 legibus
985 907 1013 929 et
1030 901 1094 937 Jure
1108 900 1206 936 civili,
1230 901 1298 930 haec
1318 901 1356 929 ita
1375 907 1543 936 teneantur,
1571 905 1604 928 ut
1625 899 1665 929 sit
1681 906 1755 928 con-

232 967 255 985 „
276 949 432 984 stitutum‚
453 958 468 978 e
487 950 595 986 quibus
615 948 688 987 ips'is
711 957 804 980 cetera
827 951 869 980 sic
890 951 1096 989 observentur,
1116 958 1148 981 ut
1168 952 1198 981 in
1220 952 1396 981 Graecorum
1419 951 1574 989 proverbio
1595 957 1658 986 est,
1679 950 1752 979 ami-

230 1017 252 1034 „
271 1007 372 1028 corum
400 1008 467 1030 esse
495 1001 592 1031 omnia
622 1002 799 1032 communia.
825 1019 863 1028 —
887 1002 1004 1033 Gradus
1026 1010 1120 1033 autem
1147 1004 1244 1040 plures
1268 1010 1337 1033 sunt
1356 1002 1505 1033 societatis
1522 1001 1698 1037 hominunm>
1718 1006 1753 1029 un

233 1067 253 1086 2,
273 1050 348 1079 enim
373 1050 408 1079 ab
432 1051 543 1082 infinita
563 1043 612 1082 illa
633 1054 816 1090 discedatur,
836 1054 959 1091 propior
982 1061 1025 1084 est
1047 1055 1173 1093 eiusdem
1197 1055 1330 1093 generis,
1351 1054 1477 1083 nationis
1492 1074 1502 1090 ,
1533 1053 1665 1090 linguae,
1692 1059 1751 1089 qua

234 1120 254 1137 „
273 1102 395 1131 maxime
414 1103 544 1133 homines
566 1105 794 1143 conjunguntur.
834 1106 958 1135 Interius
984 1107 1066 1136 etiam
1091 1113 1134 1136 est
1157 1106 1282 1144 ejusdem
1301 1113 1366 1135 esse
1387 1105 1534 1142 civitatis3
1557 1105 1648 1134 multa
1671 1104 1747 1134 enim

227 1172 249 1190 ,‚
268 1160 339 1183 sunt
358 1154 474 1184 civibus
495 1154 570 1184 inter
590 1164 621 1185 se
645 1156 829 1192 communia,
850 1157 968 1193 forum,
991 1157 1080 1193 fana‚
1109 1157 1262 1194 porticus,
1291 1157 1371 1193 viae,
1400 1158 1495 1194 leges,
1515 1157 1596 1194 iura,
1616 1155 1746 1194 judicia,

229 1223 252 1241 ‚,
271 1205 425 1243 suffragia,
445 1206 687 1244 consuetudines,
713 1214 855 1245 praeterea
873 1215 900 1237 et
929 1208 1156 1244 familiaritates,
1186 1208 1346 1245 multisque
1370 1217 1436 1237 cum
1458 1208 1559 1237 multis
1585 1215 1630 1237 res
1663 1206 1751 1236 ratio-

232 1275 253 1293 „
272 1264 380 1292 nesque
399 1262 573 1287 contractae.
614 1258 732 1288 Arctior
751 1268 819 1289 vero
840 1260 987 1297 colligatio
1011 1266 1055 1289 est
1077 1260 1226 1289 societatis
1248 1267 1500 1296 propinquorum:
1526 1259 1561 1288 ab
1599 1257 1649 1287 ina
1670 1257 1747 1287 enim

232 1306 409 1342 „immensa
428 1307 565 1337 societate
584 1309 703 1338 humani
722 1311 836 1347 generis
868 1310 899 1339 in
929 1311 1063 1348 exiguum
1094 1317 1310 1348 angustumque
1340 1310 1535 1340 concluditur.
1584 1309 1659 1338 Nam
1680 1317 1748 1339 cum

229 1376 252 1394 „
271 1357 311 1386 sit
334 1357 390 1386 hoc
413 1364 513 1388 natura
537 1368 690 1390 commu-ne
712 1361 919 1397 animantium,
942 1369 975 1391 ut
1000 1362 1121 1391 habeant
1143 1362 1300 1391 lubidinem
1323 1361 1513 1398 procreandi,
1545 1361 1635 1398 prima
1657 1360 1751 1390 socie-

229 1427 251 1445 „
271 1414 314 1437 tas
335 1407 364 1437 in
386 1409 451 1445 ipso
474 1410 613 1448 conjugio
634 1417 696 1448 est3
725 1412 855 1448 proxima
877 1413 907 1442 in
930 1413 1046 1443 liberis:
1075 1413 1175 1442 deinde
1204 1422 1259 1442 una
1290 1414 1415 1448 d01nus;
1445 1412 1609 1441 communia
1638 1411 1748 1440 omnia.

235 1477 256 1496 ,‚
274 1459 307 1488 Id
328 1466 424 1488 autem
448 1467 492 1489 est
517 1461 696 1498 principium
723 1462 824 1499 urbis,
851 1470 880 1492 et
907 1465 989 1500 quasi
1013 1464 1195 1494 seminarium
1225 1465 1295 1501 reip.
1335 1463 1507 1499 Sequuntur
1528 1463 1648 1492 fratrum
1676 1471 1748 1492 con-

233 1531 253 1548 „
274 1511 457 1548 iunctiones:
479 1513 829 1550 postconsobrinorum,
859 1515 1121 1552 somniorumque,
1152 1516 1223 1551 qui,
1252 1524 1316 1544 cum
1338 1523 1394 1543 una
1418 1515 1505 1543 domo
1527 1515 1582 1552 Jam
1604 1514 1668 1550 capi
1689 1521 1750 1544 non

233 1580 253 1599 „
273 1563 406 1599 possint,
428 1562 457 1592 in
481 1563 550 1592 alias
567 1565 688 1601 domos,
708 1572 854 1602 tamquam
871 1565 901 1596 in
924 1567 1076 1603 colonias,
1098 1574 1214 1597 exeunt.
1255 1567 1424 1603 Sequuntur
1445 1566 1591 1595 connubia
1611 1572 1640 1594 et
1661 1564 1752 1594 affini·

234 1633 254 1650 ,‚
273 1614 395 1651 nitatcs;
416 1622 450 1643 ex
473 1615 580 1650 quibus
602 1616 684 1645 etiam
711 1617 808 1653 plures
836 1617 1012 1655 propinqui:
1045 1627 1117 1654 quae
1138 1618 1309 1656 propagatio
1337 1623 1366 1646 et
1394 1616 1511 1647 soboles
1540 1616 1623 1653 origo
1641 1623 1684 1646 est
1706 1623 1750 1644 re-

233 1685 252 1702 „
272 1674 368 1702 rump.
390 1665 546 1703 Sanguinis
572 1674 665 1697 autem
692 1669 861 1706 conjunctio
881 1669 1080 1699 benevolentia
1103 1670 1229 1699 devincit
1249 1670 1380 1699 homines
1405 1676 1433 1698 et
1457 1669 1751 1704 carinam-magnum

234 1736 255 1752 ‚,
273 1723 317 1745 est
337 1717 410 1746 enim
423 1738 434 1753 ‚
455 1718 550 1746 eadem
572 1718 674 1748 habere
694 1727 878 1749 monumenta
902 1721 1062 1757 majorum,
1083 1721 1180 1750 iisdem
1202 1723 1244 1750 uti
1264 1721 1370 1757 sacris,
1394 1721 1524 1757 sepulcra
1544 1719 1645 1748 habete
1669 1727 1750 1748 com-

234 1786 255 1803 „
274 1768 387 1798 munia:
411 1770 460 1798 sed
480 1769 610 1799 omnium
632 1771 802 1800 societatum
828 1773 906 1801 nulla
930 1773 1121 1809 praestantior
1141 1780 1204 1809 est,
1233 1775 1311 1803 nulla
1337 1773 1466 1809 firmior,
1496 1780 1579 1808 quam
1601 1779 1667 1800 cum
1690 1771 1746 1800 viri

234 1838 254 1855 „
273 1819 362 1855 boni,
384 1821 513 1850 moribus
534 1822 663 1858 similes,
686 1830 756 1852 sunt
778 1823 968 1853 familiaritate
981 1823 1148 1862 conjuncti:
1172 1825 1244 1854 iilud
1266 1825 1341 1855 enim
1360 1825 1537 1858 honestum,
1559 1823 1638 1859 quod
1661 1829 1748 1859 saepe

233 1890 254 1907 5,
273 1871 415 1907 dicimus,
439 1873 521 1902 etiam
542 1874 567 1902 si
583 1874 614 1903 in
636 1874 693 1904 alio
710 1875 873 1912 cernimus,
893 1881 986 1905 tamen
1001 1884 1055 1905 nos
1074 1882 1191 1912 movet,
1212 1883 1297 1912 atque
1317 1875 1379 1911 ilii,
1402 1875 1431 1904 in
1456 1883 1515 1910 quo
1539 1874 1567 1903 id
1588 1873 1681 1902 inesse
1696 1873 1742 1902 vi·

233 1940 253 1956 ,‚
273 1922 372 1957 detur,
393 1923 499 1952 amicos
521 1924 602 1954 facit.
641 1926 748 1963 Magna
773 1927 855 1956 etiam
883 1926 932 1955 ilia
959 1927 1151 1964 communitas
1174 1934 1236 1962 cst,
1266 1935 1338 1963 quae
1362 1925 1517 1955 conficitur
1536 1933 1571 1954 ex
1597 1923 1746 1954 beneficiio

231 1991 252 2008 ω
271 1973 349 2003 filtro
373 1980 402 2002 et
424 1974 499 2004 citro
521 1977 614 2014 datis,
643 1978 846 2025 acceptisque:
874 1986 947 2016 quae
970 1985 999 2008 et
1024 1978 1123 2008 mutua
1145 1985 1174 2008 et
1202 1985 1280 2016 grata
1303 1979 1372 2007 dum
1401 1984 1487 2013 sunt,
1515 1976 1588 2006 inter
1612 1984 1695 2012 quos.
1712 1983 1744 2003 et

1656 2033 1744 2062 sunt,
