1913 2427
387 186 908 219 COMMENTATIO
974 186 1298 221 CIJEMICA}
1582 199 1608 232 9

82 283 166 306 cesse
188 282 252 304 esse
276 280 434 310 sequatur,
462 275 541 310 quod
565 279 671 302 caetera
690 280 830 309 corpora,
859 281 931 308 quae
953 274 983 303 in
1008 275 1120 311 plantas
1142 275 1265 311 aliquam
1289 273 1346 302 vim
1370 281 1530 310 exerceant,
1551 284 1599 312 pa-

85 328 152 356 riter
173 326 299 354 chemice
323 334 423 362 agere,
453 326 658 355 concludatur:
681 321 779 354 nescio
800 324 873 353 enim
896 333 1010 353 causam
1025 324 1043 360 ,'
1063 334 1134 361 cur,
1163 324 1281 361 reliquis
1302 326 1426 354 materiis
1449 328 1597 362 exceptis,

81 378 165 407 istud
193 378 241 414 J'us
272 377 357 406 unice
388 377 446 406 luci
471 378 657 407 adscribatur.
705 376 747 404 Ita
771 384 838 404 vero
860 382 992 412 apparet,
1015 377 1062 404 hic
1085 384 1196 413 gravem
1220 384 1247 405 et
1276 377 1416 405 difficilem
1449 386 1599 413 exsurgere

58 420 209 465 'pugnam
234 427 268 456 de
290 427 420 456 doctrina
442 428 591 463 dynamica
609 434 636 456 et
654 427 799 462 chemIca3
829 434 928 463 nempe
954 434 1048 456 utrum
1074 428 1103 456 in
1119 428 1225 464 plantis
1245 428 1408 458 dominetur
1422 429 1467 458 vis
1490 429 1596 457 chemi-

83 487 136 514 ca,
157 487 192 507 an
212 486 278 507 vero
301 480 355 508 alia
377 479 411 509 ab
433 480 485 508 hac
506 480 633 514 diversa,
657 487 728 514 quae
746 478 862 513 vitalis,
891 479 1058 515 dsmamica,
1087 479 1203 508 dicitur.
1247 480 1337 517 Quod
1359 487 1501 509 certamen
1529 489 1596 509 cum

83 528 170 559 nimis
196 529 315 557 arduum
340 528 403 564 sit,
435 537 519 565 quam
548 530 626 565 quod
650 530 696 557 hic
721 529 871 564 ineamus,
901 530 1003 559 horum
1031 531 1236 560 Chemieorum
1268 538 1432 568 argumenta
1459 532 1506 561 hic
1536 540 1595 561 non

81 587 234 615 ,eruemus3
256 580 441 609 solummodo
469 588 621 617 notantes,
643 581 725 610 allata
742 580 818 609 facta
841 589 901 609 non
921 583 987 610 talia
1005 591 1084 618 esse,
1114 590 1187 618 quae
1214 591 1274 612 non
1303 591 1336 612 ex
1361 584 1510 619 dynamica
1530 584 1598 612 doc-

82 631 156 664 trina
176 632 293 661 facilius
316 633 512 670 explicentur;
544 643 628 670 quam
655 633 863 670 expositionem
887 634 916 662 in
946 633 1077 668 sequenti
1110 634 1304 670 paragrapho,
1334 635 1480 671 suscipere
1509 643 1599 665 tenta-

80 683 189 714 bimus.
229 684 339 713 Contra
360 686 386 713 si
410 685 475 720 quis
499 686 537 713 sit
566 686 616 721 qui
638 685 797 722 sustineat,
818 687 915 714 eodem
945 685 1030 713 modo
1060 686 1152 713 lucem
1180 685 1210 713 in
1234 694 1332 714 omnes
1362 688 1474 723 plantas
1501 696 1598 724 agere,

80 733 167 762 armis
190 734 351 763 instructus
373 735 507 771 videtur,
536 736 643 772 quibus
668 745 747 764 suam
777 737 942 774 opinionem
968 742 1099 772 tueatur3
1127 735 1236 772 quippe
1260 737 1369 773 species
1393 739 1560 775 vegetabilis
1583 748 1599 768 a

81 785 176 821 specie
199 785 309 821 differt,
336 787 434 823 itaque
455 786 548 816 differt
573 788 752 823 aliquantum
779 794 937 823 structura,
963 787 1009 816 cui
1034 788 1102 815 licet
1125 788 1199 816 idem
1231 789 1415 818 admoveatur
1440 791 1599 826 stimulus,

76 836 132 877 ,qui
152 838 202 865 lux
225 838 381 874 habeatur,
411 847 470 868 non
495 846 591 875 potest
613 839 684 875 quin
706 840 778 869 alius
805 840 913 869 oriatur
935 839 1074 874 effectus;
1103 839 1247 876 digeratur
1269 849 1335 870 caro
1359 842 1452 870 eadem
1470 851 1487 871 a
1507 842 1599 871 diver-

82 886 123 916 sis
138 886 264 924 felibus,
287 896 315 918 et
331 891 453 927 singulis
471 897 514 919 est
527 891 658 920 diversus
684 892 823 928 chymus3
847 900 920 927 aqua
938 897 965 920 et
985 891 1097 920 acidum
1125 891 1310 921 carbonicum
1341 894 1475 922 nutriunt
1499 895 1599 923 solana

79 944 108 967 et
123 939 291 969 tuberosum
314 948 341 970 et
363 943 571 979 dulcamaram,
593 951 621 972 et
638 944 754 980 utrique
777 944 907 980 singulae
926 951 993 972 suae
1010 943 1111 971 insunt
1131 943 1270 973 materies.
1312 944 1440 981 Apparet
1463 945 1597 981 interIm,

77 996 204 1025 quantus
221 999 314 1028 pateat
329 1002 448 1030 campus
465 1004 540 1024 nova
555 994 678 1025 faciendi
690 996 836 1031 pericula,
859 1002 948 1030 quae,
964 1001 996 1022 ut
1016 994 1090 1023 lucis
1106 1001 1235 1023 naturam
1251 1001 1278 1023 et
1294 997 1495 1032 vegetabilium
1515 998 1597 1026 indo·

77 1039 132 1067 lem
150 1041 309 1074 illustrare,
326 1045 367 1067 sit.
391 1045 508 1075 possint
524 1046 622 1068 forsan
644 1045 741 1069 afferre
756 1046 947 1069 emolumenta
969 1044 1008 1069 rei
1029 1049 1230 1069 oeconomleae
1253 1044 1328 1072 haud
1350 1046 1480 1082 inutilia3
1512 1057 1597 1083 quem

75 1096 143 1118 vero
172 1097 304 1126 campum
333 1090 442 1126 ingredi
470 1097 602 1126 strenue,
630 1097 658 1120 et
687 1098 852 1121 constanter
877 1100 1036 1131 permeare,
1062 1092 1139 1122 haud
1166 1101 1282 1131 parvam
1312 1096 1539 1128 exercitatissimi
1567 1107 1595 1130 et

74 1138 261 1171 eruditissimi
275 1140 393 1179 Physici
410 1149 506 1172 curam
523 1150 678 1180 exposcere
696 1143 812 1182 opinor.

783 1250 813 1287 S·
855 1258 883 1287 3·

113 1347 160 1377 Ex
179 1347 272 1378 allatis
291 1356 359 1378 vero
378 1356 502 1386 pronum
519 1356 561 1380 cst
577 1351 728 1388 colligere,
750 1351 865 1388 lucem,
888 1348 968 1387 quod
985 1349 1041 1388 jam
1058 1358 1144 1388 supra
1160 1352 1346 1392 monuimus,
1368 1356 1444 1385 sicut
1460 1356 1535 1386 varia
1553 1367 1595 1387 ra·

40 1413 43 1416 >
75 1398 154 1428 tione
184 1399 376 1437 inorganicam
410 1402 495 1430 afficit
526 1403 686 1439 materiem,
716 1403 755 1432 ita
784 1411 903 1439 quoque
926 1402 955 1431 in
986 1403 1129 1433 materiam
1157 1405 1318 1441 organicam
1348 1408 1468 1437 diversis
1499 1409 1594 1438 modis

75 1456 156 1480 suam
178 1450 236 1479 vim
261 1459 406 1480 exercere:
430 1454 573 1490 quidquid
595 1461 686 1483 autem
713 1454 769 1490 sit,
791 1454 1004 1490 qualiscunque
1024 1454 1099 1483 lucis
1121 1464 1186 1491 pars
1211 1456 1240 1484 in
1263 1458 1373 1493 plantas
1396 1460 1593 1496 qualicunque

73 1501 183 1530 ratione
207 1508 286 1539 agat,
315 1503 404 1539 probe
427 1505 579 1534 tenendum
602 1512 663 1541 est,
692 1506 803 1541 plantas
825 1506 940 1540 vivere,
967 1511 1053 1540 atque
1077 1513 1137 1541 eam
1161 1515 1176 1534 a
1203 1507 1314 1536 Natura
1338 1510 1483 1546 accepisse
1503 1510 1594 1541 facul-

73 1556 176 1587 tatem,
201 1559 232 1581 ut
256 1561 272 1581 a
294 1554 428 1588 plurimis
448 1555 630 1585 irritamentis
654 1556 811 1585 innumeris
830 1556 923 1584 modis
949 1555 1152 1592 stimulentur,
1174 1557 1348 1596 incitentur,
1370 1561 1458 1597 inque
1477 1568 1594 1598 accepta

74 1601 246 1632 irritamenta
267 1604 415 1634 efficaciter
439 1614 571 1644 magam,
592 1607 710 1644 vimque
729 1607 759 1636 vi
783 1613 950 1643 oppoua11t3
983 1606 1051 1634 haec
1075 1607 1136 1643 ipsa
1166 1609 1299 1638 nimirum
1324 1612 1524 1648 vegetabilium
1547 1613 1592 1642 vis

76 1652 188 1683 uberem
213 1654 303 1690 aperit
327 1655 454 1692 Physico
478 1657 606 1694 fontem,
627 1667 661 1687 ex
683 1667 742 1694 quo
761 1658 818 1687 nisi
837 1657 992 1694 perfectam
1022 1664 1049 1685 et
1069 1658 1203 1696 plenam,
1233 1661 1409 1697 probabilem
1441 1664 1538 1693 saltem
1564 1670 1593 1693 et

74 1701 203 1740 fidelem,
227 1703 303 1733 hand
326 1715 485 1742 paucorum
509 1710 772 1746 phaenomenorum
793 1708 1001 1745 expositionem
1019 1709 1132 1737 haurire
1149 1711 1256 1747 possit.
1296 1714 1342 1742 Ad
1364 1723 1446 1750 quam
1462 1715 1520 1744 vim
1544 1715 1592 1743 hie

71 1753 224 1784 attendisse
247 1758 415 1793 praeprimis
439 1760 596 1796 conducit,
626 1769 690 1790 cum
718 1760 871 1797 proposita
894 1759 1024 1794 quaestio
1055 1768 1114 1789 non
1138 1768 1212 1791 recte
1240 1763 1360 1800 intelligi
1388 1774 1474 1801 posse
1499 1766 1594 1794 videa-

73 1810 137 1841 tur,
159 1814 210 1835 nec
232 1816 317 1837 verus
340 1810 401 1846 eJ'us
426 1819 529 1841 sensus
559 1813 683 1848 exponi,
705 1812 762 1840 nisi
785 1817 955 1840 memoratae
981 1810 1069 1847 hujus
1095 1812 1253 1847 plantarum
1279 1815 1321 1843 vis
1344 1815 1416 1844 ratio
1435 1816 1590 1853 habeatur3

72 1863 160 1891 quare
189 1866 290 1894 operae
319 1860 441 1896 pretium
478 1863 570 1892 visum
602 1870 645 1892 est
671 1865 862 1892 demonstrare
891 1861 1040 1898 praestitas
1071 1863 1145 1890 lucis
1181 1864 1255 1893 vires
1284 1866 1314 1894 in
1343 1868 1476 1903 plantas,
1504 1868 1592 1904 inque

71 1905 169 1935 harum
201 1909 408 1946 principioium
437 1914 633 1949 proximorum
664 1914 853 1949 creationem,
879 1913 955 1941 haud
983 1912 1143 1948 incongrue
1171 1914 1288 1946 deduci
1292 1926 1308 1945 a
1337 1917 1476 1954 stimulo,
1505 1928 1590 1955 quem

70 1955 229 1991 plantarum
252 1958 374 1990 fabricae
395 1964 445 1992 lux
466 1964 583 2002 inferat3
613 1974 646 1995 eo
670 1966 771 1995 laetius
796 1964 865 1994 mihi
896 1964 964 1992 haec
986 1963 1133 1999 expositio
1163 1966 1283 2004 arridet,
1313 1977 1372 2004 quo
1404 1971 1493 2007 magis
1521 1971 1588 1999 haec

67 2004 116 2038 ,vis
140 2007 235 2039 efficax
253 2019 268 2039 a
292 2015 440 2044 nonnullis
458 2015 591 2055 Physicis
609 2017 718 2052 plantis
742 2016 866 2047 detrahi
871 2021 923 2049 ur,
955 2014 1078 2052 ejusque
1098 2016 1247 2050 molimina
1266 2020 1447 2057 negligantur
1471 2021 1586 2057 saepius

873 2064 894 2093 Β
1558 2072 1589 2104 in
