1913 2427
227 154 279 177 m
600 137 1372 177 JJACOBILA1N13T

222 228 295 258 tanti
316 227 453 265 prodesse
473 227 584 264 possit,
605 236 671 257 cum
696 228 758 267 sola
781 225 954 262 experientia
976 225 1048 255 duce
1069 231 1176 254 utatur.
1215 225 1286 254 Non
1307 224 1573 262 itaIndicationum
1590 226 1744 264 *doctrina*

223 280 290 307 haec
320 278 394 307 enim
424 287 508 307 sanae
531 277 672 306 ‘theoriae
701 285 784 314 parce
807 274 1029 312 philosophanti
1054 277 1150 306 innixa
1164 297 1174 312 ,
1201 267 1386 306 sufficientem
1404 277 1480 305 addit
1502 278 1660 314 rationem,
1688 287 1741 308 cur

223 332 277 359 hac
295 337 347 359 nec
369 330 423 359 alia
448 330 568 366 quadam
591 329 700 358 ratione
724 328 863 364 agendum
883 326 937 363 sit3
959 326 1041 356 docet
1064 329 1137 357 enim
1162 328 1308 358 Medicina
1327 328 1516 365 Theoretica,
1539 338 1676 365 quaenam
1701 330 1741 359 sit

224 381 457 410 inflammationis
483 386 581 410 natura
607 380 636 407 in
657 380 842 414 universum,
865 385 1008 414 quaenam¹
1026 378 1065 408 sit
1088 380 1220 416 specialis
1241 379 1341 415 illius,
1371 388 1443 416 quae
1461 381 1602 410 Pleuricis
1622 381 1738 410 dieitur.

224 433 287 462 Nec
308 439 416 461 tantum
437 431 520 468 jubet
543 431 804 464 Medicus,venam
830 438 941 465 secare,
971 430 1020 458 sed
1044 431 1240 460 necessitatem
1263 438 1291 460 et
1317 433 1467 461 utilitatem
1500 433 1587 470 hujus
1610 441 1748 468 praecepf.

226 483 269 518 ti,
291 491 325 511 ex
347 482 499 518 principiis
529 481 768 518 Therapeuticis,
797 481 907 510 derivat
938 487 966 509 et
994 481 1127 517 explieat.
1168 483 1245 512 Cum
1270 490 1363 512 autem
1403 483 1545 519 Empirici
1578 483 1740 512 curaverint

228 534 365 568 morbos,
388 541 510 569 quorum
536 542 653 562 caussas
680 533 850 561 immediatas
876 538 903 560 et
927 532 1109 562 absconditas
1131 534 1317 571 ignorarunt,
1339 543 1390 563 nec
1413 535 1540 572 detegere
1556 541 1740 571 potuerunt„

228 591 343 614 constat
368 593 452 620 saepe
474 584 602 613 sufficere
622 584 814 621 cognitionem
840 583 936 619 illius,
964 585 1044 619 quod
1071 586 1235 614 morborum
1261 587 1455 623 phaenomena
1476 586 1622 621 indicent,
1650 594 1743 621 neque

227 644 338 672 semper
361 645 436 672 opus
459 644 521 665 esse
546 636 710 672 cognitione
744 635 837 671 ipsius
867 643 1005 671 caussae,
1034 643 1067 664 ut
1095 637 1213 666 morbus
1240 638 1332 666 curari
1361 637 1474 674 possit;
1504 644 1532 666 at
1561 646 1649 672 vero,
1678 637 1744 665 licet

228 687 361 724 profecto
385 688 482 717 minus
508 688 654 716 rationalis
685 688 813 715 videatur
833 687 974 723 ejusmodi
998 695 1084 723 cura,
1113 697 1171 717 eam
1198 695 1290 718 tamen
1310 697 1403 718 veram
1432 697 1495 717 esse
1519 694 1547 717 et
1575 687 1671 717 fallere
1696 695 1744 716 ne-

229 738 337 773 sciam,
359 739 425 774 quia
449 739 479 767 iu
500 738 625 766 Naturae
647 737 846 766 observatione
869 737 984 765 fundata
1008 745 1061 767 est.
1102 739 1179 768 Hinc
1204 740 1372 768 morborum
1399 739 1620 775 epidemicorum
1646 746 1743 767 euram

227 789 377 824 suscipere
400 797 582 824 possumus,
604 789 719 817 illorum
745 788 898 823 nimirum,
921 788 971 823 qui
993 796 1027 816 ex
1050 791 1197 819 communi
1220 791 1353 827 profecto
1373 790 1442 819 aeris
1464 791 1654 827 proprietate,
1675 791 1747 819 huc-

231 849 325 875 usque
347 847 438 870 tamen
464 841 629 877 incognita,
652 840 924 876 nascuntur(1g),
946 848 1128 876 quorumque
1152 848 1207 870 tam
1227 842 1303 872 varia
1325 850 1411 878 saepe
1430 848 1528 871 natura
1551 848 1613 877 est,
1635 841 1744 878 quique

231 890 371 919 diversam
392 892 461 921 adeo
483 893 633 928 postulant
662 892 750 921 immo
773 891 942 920 contrariam
971 892 1097 920 medendi
1128 893 1283 928 rationem,
1311 899 1362 929 ut,
1390 894 1547 923 secundum
1576 893 1748 930 Sydenhams·

231 941 367 978 effatum,
389 951 446 978 qua
467 944 600 972 methodo
621 951 753 981 aegrotos
777 944 909 981 proximo
933 943 1075 973 sanaveris
1089 951 1183 979 anno,
1205 944 1299 973 eadem
1324 944 1425 981 ipsos,
1447 944 1504 973 hoc
1520 953 1613 980 anno,
1633 945 1746 981 pericu-

234 993 293 1021 lum
317 993 355 1021 sit
378 1001 413 1022 ne
434 995 520 1024 tollas
545 1003 559 1023 e
582 995 685 1024 medio.
726 996 759 1024 In
781 995 882 1024 horum
907 994 979 1023 enim
1016 1002 1102 1029 cura,
1131 996 1165 1023 ad
1190 996 1220 1024 id
1248 1002 1324 1025 certe
1353 997 1453 1025 sedulo
1481 996 1593 1025 animus
1623 996 1675 1025 erit
1701 995 1749 1026 ad-

233 1043 406 1079 vertendus,
434 1045 468 1073 ad
492 1045 586 1082 ipsius
609 1046 700 1074 morbi
719 1045 861 1081 indolem,
883 1053 966 1081 quam
989 1051 1083 1074 tamen
1108 1045 1215 1075 nisiex
1238 1047 1482 1084 symptomathus
1502 1055 1658 1083 eorumque
1679 1055 1748 1075 con-

234 1103 323 1123 cursu
346 1102 373 1123 et
393 1104 468 1124 nexu
490 1096 629 1133 colligas,
660 1097 709 1126 vix
732 1096 785 1125 alia
804 1096 912 1125 ratione
936 1095 1045 1132 poteris
1069 1096 1243 1135 intelligere,
1272 1107 1394 1135 caussa,
1423 1107 1497 1135 quae
1523 1098 1655 1127 morbum
1679 1106 1748 1135 pro-

234 1146 338 1182 duxit,
360 1147 444 1183 plane
469 1147 629 1184 incognita.
669 1148 858 1176 Potissimum
881 1154 973 1177 autem
1004 1148 1034 1176 in
1059 1148 1212 1185 detegenda
1239 1150 1291 1179 hac
1320 1150 1417 1179 indole
1446 1149 1534 1179 facem
1564 1149 1686 1186 praefert
1709 1157 1752 1178 se-

235 1198 304 1226 dula
319 1204 347 1226 et
363 1199 489 1234 prudens
510 1199 674 1235 Juvantium
700 1205 728 1228 et
750 1199 921 1228 laedentium
945 1199 1125 1237 observati03
1154 1221 1172 1236 „
1191 1209 1248 1236 qua
1267 1201 1382 1237 quidem
1410 1201 1440 1230 in
1463 1209 1492 1229 re
1504 1200 1522 1212 '’
1557 1199 1652 1235 inquit
1674 1199 1752 1237 Bag·

236 1251 323 1280 livitss
353 1273 370 1287 „
387 1260 518 1289 oportet,
546 1261 579 1282 ut
601 1254 672 1282 ratio
694 1253 848 1283 famuletur
868 1254 1053 1290 Empiricae,
1080 1253 1130 1282 sed
1159 1252 1322 1288 Empiricae
1348 1252 1492 1281 literatura
1511 1252 1673 1287 expolitae,
1701 1258 1752 1287 per

239 1323 259 1339 „
278 1304 376 1340 plures
395 1304 630 1334 observationum
653 1314 808 1342 processus
828 1315 957 1344 vexatae,
980 1315 1008 1336 et
1030 1307 1134 1336 mentis
1155 1306 1263 1336 lumine
1284 1311 1414 1335 actuatae
1433 1303 1557 1342 (14).'’

266 1417 332 1446 (¹3)
347 1418 479 1440 Morborum
495 1418 678 1445 Epidemicorum
693 1426 792 1442 caussam
807 1422 929 1443 secundum
945 1422 1083 1448 nonnullos,
1103 1421 1183 1444 divino
1198 1420 1288 1443 cuidam
1305 1419 1398 1442 influxui
1413 1417 1494 1441 tribuit
1510 1419 1657 1446 Hippocraten
1673 1423 1752 1441 secun·

239 1461 292 1482 dum
310 1461 409 1481 Gales-mn
426 1466 481 1481 vero
496 1460 542 1482 aeti
559 1461 682 1488 inspirato,
698 1461 735 1483 cui
751 1464 874 1483 sentcntiae
890 1462 965 1490 plures
981 1469 1004 1485 et
1019 1463 1078 1485 inter
1093 1462 1233 1484 recentiore:
1256 1461 1342 1483 Medici
1357 1460 1522 1485 aasentiunrun
1544 1460 1565 1481 hl
1580 1465 1700 1482 ventorum
1715 1461 1755 1482 de·

241 1507 347 1526 cursum,
362 1500 449 1521 varium
465 1500 606 1527 Baromeui,
623 1501 802 1528 Tliermometri‚
819 1502 974 1529 Eudiorneni,
989 1509 1045 1525 cat-t.
1061 1507 1157 1529 statum,
1176 1502 1200 1524 in
1215 1508 1307 1524 censum
1323 1506 1474 1528 vocaverunt,
1495 1506 1520 1523 ut
1541 1506 1641 1522 caussam
1655 1505 1717 1523 ortus
1732 1505 1756 1522 et

239 1543 347 1564 decursus
368 1542 449 1563 horum
467 1542 597 1563 morborum
619 1543 765 1569 explicarent.
802 1544 941 1566 Humholdtn'us
960 1551 1016 1567 vero
1035 1545 1151 1570 (Vanam
1178 1546 1229 1566 iiber
1252 1545 1284 1566 die
1306 1547 1406 1572 ganuzu
1428 1543 1512 1565 Merkel
1533 1542 1574 1562 und
1597 1539 1756 1569 Nema-sien,

241 1583 305 1603 nand
319 1582 347 1605 11.
366 1588 384 1604 s.
400 1587 440 1607 αρτ
457 1587 479 1603 et
495 1581 562 1610 29³·)
579 1588 679 1604 caunum
695 1589 816 1610 perpetuae
828 1584 890 1611 quasi
903 1585 981 1608 horum
998 1586 1127 1608 morborum
1146 1586 1203 1608 intra
1225 1585 1338 1613 Tropieot
1358 1583 1501 1612 grassationis
1521 1583 1560 1605 vix
1581 1582 1681 1605 mutabili
1697 1582 1754 1604 ιὲι-Ιι

242 1624 305 1645 hisce
320 1623 341 1644 in
356 1622 484 1648 regionibus
497 1623 622 1645 conditioni
637 1623 721 1646 tribuit.
753 1625 822 1647 Conf.
840 1625 948 1653 imprimis
965 1627 1090 1648 Dissertatio
1103 1628 1160 1651 Mad.
1174 1629 1246 1654 Iaaug.
1267 1628 1327 1649 Docr.
1343 1628 1366 1648 C.
1382 1633 1423 1648 vau
1436 1627 1472 1647 dar
1490 1626 1587 1651 Ηηνει,
1607 1625 1631 1646 de
1651 1623 1755 1646 Camlllo-

243 1666 304 1684 mm't
319 1664 447 1691 cpida-tm
461 1665 569 1692 doctrina,
585 1671 642 1686 anno
656 1667 801 1692 praecedenti
817 1667 908 1693 publice
923 1669 964 1690 hac
978 1668 1000 1690 in
1014 1670 1137 1692 Academia
1151 1669 1262 1693 desensn
1279 1674 1326 1694 cap.
1339 1667 1357 1690 1.
1379 1674 1428 1695 pal·
1442 1673 1477 1694 ⁸⁴-

272 1704 342 1732 614)
359 1704 412 1728 Vid-
428 1705 550 1734 Bagh'utm,
566 1706 593 1729 1..
607 1708 634 1729 Ι..
644 1722 652 1734 ,
667 1708 726 1729 libro
741 1708 770 1730 ll.
785 1714 836 1736 cap.
850 1714 872 1737 9.
889 1709 900 1734 ς
913 1709 950 1731 111.
970 1714 987 1730 ι-
1002 1714 1052 1737 ρει.
1068 1715 1117 1736 219.
1132 1714 1155 1731 et
1171 1715 1220 1738 cap.
1237 1715 1270 1732 ιο.
1285 1709 1297 1734 S
1310 1711 1338 1732 ν.
1353 1714 1376 1733 et
1390 1709 1438 1731 Vll.
1458 1712 1509 1736 pag.
1522 1711 1561 1730 221
1578 1712 1627 1735 seq.

1626 2008 1762 2042 CAPUT
