1913 2427
202 159 220 190 8
572 156 966 188 -FREDERICI
1032 156 1343 189 EGELING

205 246 245 274 ita
267 251 361 280 esset,
390 244 624 274 Methodicorum
659 249 787 279 systema
812 243 940 272 omnium
967 249 1043 272 esset
1070 243 1239 280 optimum,
1270 252 1359 281 quum
1387 242 1586 280 experientiam
1613 250 1640 275 et
1660 253 1727 276 cau-

202 304 264 326 tum
289 296 471 325 ratiocinium
495 296 583 324 duces
603 300 759 331 sequatur,
780 300 807 322 et
832 295 927 331 magni
950 293 1036 323 faciat
1060 295 1268 324 indicationum
1291 296 1463 325 doctrinam.

244 347 446 382 MethodiciS,
475 348 541 375 licet
565 353 674 375 tantum
700 346 734 374 de
752 345 978 375 indicationibus
1006 347 1186 383 generalibus
1209 347 1385 383 loquantur,
1413 348 1537 377 multum
1561 354 1655 378 tamen
1678 349 1725 378 de-

204 401 254 429 bet
275 399 418 435 Therapia
436 397 606 432 Generalis,
629 405 719 432 quum
741 397 900 426 doctrinam
923 397 1128 427 indicationum
1152 398 1249 427 fusius
1267 398 1468 435 exposuerint:
1491 405 1577 435 atque
1589 400 1645 429 hoe
1661 407 1723 436 est,

205 460 264 488 quo
289 449 419 487 inprimis
445 449 478 478 ab
496 448 669 484 Empeiricis
687 447 834 477 differunt.
875 449 977 478 Postea
995 456 1087 478 autem
1108 450 1254 486 Galenus,
1274 458 1349 479 anno
1368 450 1406 479 P.
1429 450 1467 479 C.
1491 450 1531 480 N.
1556 459 1633 487 131,
1654 452 1729 479 mul-

202 509 231 531 ta
251 501 391 536 mutavit,
412 509 444 529 ac
465 499 602 528 theoriam
623 500 799 536 «proposuit,
832 508 904 536 quae
925 501 1048 530 multum
1070 502 1210 537 pulchri,
1236 502 1357 530 multum
1388 501 1547 531 imitatione
1574 501 1653 538 digni
1676 502 1726 530 ha-

202 554 261 582 bet.
311 552 474 581 Secundum
501 551 581 579 illum
614 551 821 580 indicationum
853 552 1010 589 doctrina,
1044 561 1118 589 quae
1148 553 1255 590 optime
1289 553 1489 589 experientiam
1521 561 1588 582 cum
1617 553 1726 582 theoria

202 604 324 642 jungit,
351 603 500 632 maximam
535 602 606 631 facit
633 602 818 631 differentiam
852 602 926 631 inter
952 610 1058 633 sectam
1084 605 1284 641 Dogmaticam
1314 611 1342 632 et
1370 604 1574 641 Empeiricam.
1610 604 1723 633 Indica·

204 656 299 684 tiones
325 655 487 691 praesertim
516 654 650 690 petendas
673 661 736 682 esse
761 653 861 682 docuit
886 662 920 683 ex
942 657 1064 685 essentia
1086 656 1199 692 morbi,
1229 665 1286 692 qua
1311 655 1476 692 incognita,
1505 664 1539 684 ex
1564 655 1630 684 anni
1651 661 1722 684 tem-

205 715 291 744 pore,
312 705 435 735 diversis
455 705 691 742 tempestatibus,
714 705 944 742 constitutione,
965 706 1040 735 vitae
1063 715 1162 743 genere
1182 714 1210 735 et
1234 707 1344 735 viribus
1367 707 1466 744 aegri,
1488 707 1579 736 rarius
1604 715 1672 736 vero
1690 715 1725 735 ex

206 757 464 795 symptomatibus.
505 755 627 793 Egregie
650 755 735 784 etiam
761 755 818 792 egit
843 756 971 786 Galenus
993 757 1026 785 de
1055 757 1288 786 coi'ndicantibus
1314 764 1343 786 et
1363 758 1675 794 contraindicantibus‚
1697 764 1726 786 et

207 815 357 845 tantopere
377 808 407 837 in
430 807 597 837 universum
617 806 778 837 Medicinae
798 807 928 844 profuit,
958 813 990 837 ut
1013 807 1095 837 illum
1126 815 1273 838 mortuum
1294 808 1394 837 divino
1419 808 1504 845 quasi
1527 809 1637 838 honore
1657 817 1724 846 pro·

206 860 300 890 secuti
323 860 381 889 sint
399 860 541 889 homines·

247 912 313 940 Tali
336 912 422 940 modo
446 911 589 947 'l'herapia
606 910 782 947 Generalis,
814 921 886 948 quac
907 914 1115 943 indicationum
1146 914 1305 942 doctrinam
1329 912 1476 947 continet,
1506 911 1611 940 sensim
1638 911 1729 940 incre·

207 968 301 991 menta
325 961 418 998 cepit,
447 969 548 999 postea
569 971 602 991 eo
622 964 747 1000 maj0ra,
777 972 866 1000 quum
881 965 954 993 varii
971 971 1101 993 auctores
1126 965 1247 993 subinde
1268 965 1302 992 de
1329 964 1377 992 illa
1400 963 1527 1000 egerint,
1549 969 1576 990 et
1600 971 1676 991 nova
1691 971 1725 991 ac

208 1014 326 1043 meliora
350 1014 441 1042 multa
466 1013 706 1050 introduxerint-3
736 1014 779 1043 sic
807 1023 882 1043 anno
913 1015 946 1044 P.
972 1015 1009 1044 C.
1034 1015 1075 1044 N.
1102 1023 1186 1051 1252.
1215 1015 1364 1051 Johannes
1382 1014 1417 1043 de
1441 1014 1552 1042 Sancto
1572 1013 1726 1050 Amando,

207 1065 376 1094 eanonicus
393 1064 608 1101 Turnacensis,
631 1065 736 1094 librum
752 1065 858 1101 edidit,
879 1067 1070 1103 inscriptum:
1093 1067 1244 1105 Expositio
1258 1073 1348 1104 supra
1362 1065 1576 1094 antidotarium
1593 1065 1727 1101 Nicolai,

208 1117 311 1147 Vena.
336 1117 408 1152 1562
423 1117 502 1155 fol.‚
522 1117 555 1146 in
577 1126 656 1154 quo,
678 1117 794 1147 illorum
813 1118 911 1147 saltem
926 1124 1092 1154 temporum
1113 1118 1222 1147 ratione
1238 1117 1354 1152 habita,
1384 1115 1485 1145 multis
1506 1116 1646 1153 praeclare
1668 1116 1730 1154 egit

209 1168 245 1197 de
270 1167 477 1197 indicationum
499 1169 640 1198 doctrina.

246 1219 443 1255 Sequentibus
468 1220 574 1249 seculis
598 1220 646 1249 alii
667 1226 799 1249 auctores
822 1220 902 1249 libris
921 1220 1004 1256 suis,
1021 1221 1056 1249 -in
1079 1221 1188 1257 quibus
1211 1221 1301 1258 magis
1322 1220 1427 1250 directe
1446 1221 1480 1249 de
1501 1217 1728 1248 indicationibus

204 1277 342 1307 egerunt,
363 1271 436 1298 hanc
459 1271 618 1311 doctrinam
641 1271 841 1308 perfectiorem
861 1271 1057 1308 reddiderunt,
1079 1272 1152 1301 inter
1172 1281 1247 1308 quos
1267 1271 1433 1301 nominandi
1452 1271 1550 1299 seculo
1571 1277 1605 1305 15
1629 1269 1728 1298 Ludo-

209 1323 291 1352 w'cus
308 1319 467 1355 Mercado,
490 1323 588 1350 seculo
610 1323 644 1350 16
668 1321 854 1351 Christianus
875 1322 910 1350 de
931 1323 1034 1359 Vega,
1062 1322 1213 1358 Johannes
1231 1323 1359 1358 Riolan,
1387 1322 1537 1358 Johannes
1558 1321 1726 1357 chrnius;

209 1371 402 1407 sequentibus
422 1372 529 1401 seculis
555 1372 602 1400 alii
627 1372 729 1401 multi:
757 1372 864 1408 quibus
889 1370 1023 1401 omnibus
1048 1372 1180 1400 effectum
1205 1379 1248 1400 est
1263 1393 1274 1407 .,
1300 1378 1333 1400 ut
1354 1378 1474 1407 postea,
1504 1379 1576 1407 quae
1599 1371 1634 1399 de
1655 1370 1730 1399 indi-

211 1422 358 1451 cationum
379 1422 509 1451 doctrina
532 1423 655 1459 sparsim
678 1423 829 1459 proposita
851 1429 878 1451 et
903 1423 1019 1459 cognita
1038 1430 1138 1459 erant,
1168 1423 1286 1459 colligi,
1309 1423 1472 1458 sensimque
1488 1421 1607 1450 ulterius
1634 1421 1730 1451 excoli

211 1474 376 1510 systematis
395 1474 612 1510 quodammodo
635 1474 758 1503 formam
776 1473 866 1510 redigi
887 1474 1047 1510 potuerint.

250 1524 305 1553 His
332 1533 410 1553 nunc
440 1525 564 1554 breviter
596 1525 759 1562 praemissis
776 1546 786 1560 ,
816 1525 850 1553 ad
880 1525 1052 1553 tractandam
1082 1524 1173 1562 ipsam
1198 1524 1394 1560 quaestionem
1431 1524 1638 1553 transeundum
1663 1523 1728 1553 erit.

208 1575 311 1610 Ordo,
342 1584 426 1611 quem
449 1576 478 1607 in
500 1576 552 1605 hac
583 1576 753 1606 tractatione
776 1576 946 1606 servandum
974 1576 1044 1605 duxi
1054 1597 1071 1612 .‚
1099 1582 1205 1613 sponte
1234 1584 1268 1604 ex
1300 1576 1365 1612 ipsa
1389 1575 1556 1611 quaestione
1578 1575 1731 1612 proposita

211 1627 352 1664 profi-uere
372 1627 499 1663 videtur,
520 1627 559 1656 ita
582 1635 615 1657 ut

276 1678 301 1706 Ι.
321 1679 474 1715 Agendum
498 1679 537 1708 sit
558 1679 592 1708 de
613 1678 820 1708 indicationum
844 1678 993 1714 doctrina,

262 1729 301 1758 11.
323 1729 605 1767 Demonstrandum,
627 1730 698 1766 quid
713 1731 748 1759 ad
766 1739 824 1759 eam
845 1730 1003 1759 doctrinam
1023 1729 1153 1758 conferat
1178 1738 1245 1759 sana
1267 1731 1409 1768 ἐμπενρΙαι,
1430 1735 1459 1758 et

250 1780 302 1810 111.
323 1781 568 1817 Memorandum,
603 1782 714 1818 qualem
743 1790 830 1810 usum
866 1781 966 1810 habeat
991 1781 1040 1809 illa
1069 1781 1198 1810 doctrina
1233 1782 1261 1810 in
1291 1781 1445 1819 seligendis
1471 1779 1631 1815 remediis,
1659 1786 1731 1816 quae

214 1831 316 1860 mdem
336 1832 442 1869 titulo,
465 1833 495 1863 in
515 1834 608 1862 eadem
632 1834 743 1869 classe,
763 1834 920 1869 codemque
943 1832 1062 1868 ordine,
1090 1832 1214 1861 materiei
1235 1834 1358 1862 medicae
1376 1831 1490 1869 disponi
1513 1831 1634 1860 soleant.

1638 2046 1663 2077 1.
1691 2046 1734 2077 Ut
