1913 2427
250 146 291 170 ιο
586 140 1423 175 J.R.T}IORBECKE

249 222 290 252 Et
313 224 347 252 ad
368 232 453 262 eum,
475 235 508 256 ex
519 232 590 265 “quo
615 229 801 266 granditatem
822 229 974 258 verborum
999 228 1128 258 hauserat
1151 228 1298 265 Graecus,
1325 237 1426 258 senon
1448 228 1590 268 conferret
1612 227 1765 261 Romanus

252 272 475 306 Demosthenes?
496 278 536 308 cf.
561 279 596 308 dc
619 283 720 319 optimo
739 290 806 319 gen.
832 281 919 309 Orat.
951 288 978 309 e.
1000 280 1028 309 6.
1060 279 1146 309 Orat.
1172 289 1226 317 13,
1250 290 1296 317 19.
1322 281 1356 309 de
1381 281 1468 310 Oraz‘.
1493 282 1517 311 Ι.
1541 289 1588 310 11.
1620 282 1715 319 Offi‘l.
1732 291 1763 314 ι.

251 323 296 353 De
319 326 477 357 Aristotele
496 330 535 358 cf.
552 330 586 359 de
612 331 722 362 [nvem.
741 333 780 362 Π.
805 343 833 362 2.
858 333 892 361 de
919 331 1003 360 Orat.
1025 331 1059 360 II.
1083 334 1126 368 38.
1153 332 1201 360 ΙΠ.
1224 339 1272 369 35.

292 375 408 414 Quibus
430 381 550 415 proinde
573 382 761 420 philosophis
790 384 880 421 magis
905 391 931 412 et
952 383 1086 412 libentius
1110 391 1139 411 se
1162 384 1313 420 adjungere
1337 383 1434 419 potuit
1456 383 1573 420 Cicero,
1594 393 1682 421 quam
1694 386 1769 421 ‘qui-

254 424 311 454 bus
327 434 392 456 ante
413 438 512 460 omnes
542 453 560 468 „
577 434 660 463 locus
676 422 724 464 ille
739 435 854 471 civilis,
875 435 981 464 Graece
997 437 1130 467 πολιτικὸς
1141 456 1151 469 a
1175 435 1296 471 graviter
1310 441 1337 464 et
1353 436 1471 472 copiose
1485 442 1560 465 esset
1581 437 1770 473 tractatus;”

259 476 363 513 (quod
386 480 420 510 de
444 483 624 516 AcademieiS
648 494 675 516 et
697 488 892 525 Peripateticis
918 487 1066 516 contendit
1097 486 1132 514 cle
1155 486 1251 515 ffimssb.
1274 486 1334 522 IV,
1356 491 1407 523 2.)
1439 507 1458 522 „
1473 487 1523 523 qui
1547 496 1623 516 nime
1653 488 1771 524 quidem

260 547 280 562 ’ν
300 537 334 558 ΕΚ
356 533 495 566 particula
511 545 598 573 parva
618 539 697 568 urbis
714 549 745 569 ac
765 540 822 569 loci
838 547 942 568 nomen
959 538 1080 573 habent,
1107 544 1134 566 et
1151 537 1328 573 Peripatetici
1344 537 1514 573 philosophi
1534 544 1584 565 aut
1604 538 1771 567 Aeademici

262 599 282 615 ‚‚
302 583 503 622 nominantur,
525 589 594 618 olim
615 597 706 620 autem
725 598 841 628 propter
860 591 989 620 eximiam
1011 598 1103 618 rerum
1120 589 1305 618 maximarum
1323 588 1468 617 scientiam
1489 597 1505 616 a
1518 588 1637 618 Graecis
1653 589 1769 627 politici

260 650 279 667 ‚‚
300 632 473 672 Philosophi
495 641 649 677 appellati,
678 643 874 672 universartnn
896 650 1019 678 rerump.
1046 641 1161 670 nomine
1185 642 1372 670 vocabantur.
1384 640 1402 651 ⁷’
1424 640 1480 674 (de
1501 640 1588 668 Orat.
1616 640 1675 675 ΙΙΙ,
1696 642 1773 679 28.)

298 681 383 719 Quid>
395 689 615 719 convenientius
642 693 787 721 Ciceronis
808 693 916 727 indoli,
944 699 1030 727 atque
1053 693 1128 720 vitae
1149 692 1291 727 consilio,
1317 692 1385 720 illos
1412 691 1594 727 potissimum
1621 692 1720 728 sequi,
1741 692 1774 722 in

261 731 369 766 quibus
391 744 449 765 non
471 740 700 771 cohortationem
732 744 818 772 modo
849 744 998 772 maximam
1025 744 1060 772 ad
1090 752 1180 779 remp.
1213 744 1435 779 capessendam,
1465 743 1513 771 sed
1537 749 1563 770 et
1583 743 1708 779 ejusdem
1730 752 1777 773 sa-

259 781 371 818 pienter
392 791 551 819 tractandae
574 801 723 830 praecepta
748 795 909 823 inveniebat
931 796 1060 832 optima,
1080 795 1177 824 fontes
1198 793 1374 822 uberrimos!
1398 793 1541 829 principes
1558 802 1589 821 ac
1609 801 1777 832 praecepto·

263 841 306 862 res
322 836 391 865 tales
410 846 437 867 et
453 846 548 871 tantos
560 865 569 878 ,
588 845 739 876 Platonem
758 853 784 874 et
801 846 1009 876 Aristotelem!
1030 855 1064 875 ex
1088 854 1211 882 quorum
1240 866 1258 880 „
1273 844 1391 881 scriptis
1415 852 1442 872 et
1466 844 1609 873 institutis
1628 853 1693 874 cum
1715 854 1779 874 om-

266 901 285 917 „
305 884 350 913 nis
374 887 505 918 doctrina
522 893 666 931 liberalis,
690 897 788 925 omnis
805 897 943 932 historia,
965 897 1059 926 omnis
1079 905 1172 925 sermo
1190 896 1320 932 elegans,
1342 896 1415 923 sumi
1438 902 1553 931 potest,
1574 902 1636 924 tum
1660 897 1781 925 varietas

267 951 285 967 ‚‚
307 941 350 962 est
370 942 445 967 tanta
465 943 587 979 artium,
618 952 651 974 ut
675 955 759 976 nemo
783 949 844 976 sine
868 957 902 977 eo
931 948 1125 976 instrumento
1148 949 1182 976 ad
1203 948 1290 975 ullam
1314 955 1370 974 rem
1391 947 1576 975 illustriorem
1601 948 1670 976 satis
1696 957 1780 977 orna-

267 1003 285 1019 „
308 991 354 1016 tus
372 992 469 1025 possit
491 996 636 1026 accedere:
667 998 702 1027 ab
729 999 774 1028 his
793 1006 938 1035 oratores,
965 999 999 1027 ab
1026 999 1071 1027 his
1097 1000 1280 1035 imperatores
1298 1006 1330 1026 ac
1356 1006 1447 1027 rerum
1470 998 1651 1034 publicarum
1677 999 1784 1035 princi-

267 1056 286 1071 „
307 1046 378 1075 pes,
401 1043 565 1077 extiterunt.
577 1047 596 1059 ”
620 1049 675 1082 {de
698 1050 765 1079 Fin.
786 1051 824 1079 V.
848 1060 873 1088 3.
904 1050 942 1081 εἴ.
960 1057 987 1080 et
1003 1060 1030 1080 c.
1048 1054 1102 1087 4.)
1135 1051 1211 1080 Idem
1231 1051 1278 1079 ille
1296 1051 1412 1086 Cicero,
1443 1070 1461 1085 ‚‚
1479 1051 1551 1086 qui,
1575 1059 1641 1079 cum
1660 1051 1689 1080 in
1705 1050 1782 1089 Rep.

268 1107 286 1124 η
307 1091 440 1130 princeps
463 1104 525 1125 esse
547 1100 648 1135 vellet,
669 1102 704 1130 ad
727 1110 785 1130 eam
807 1103 938 1132 tuendam
963 1111 1027 1132 cum
1051 1111 1103 1132 sua
1130 1111 1240 1131 summa
1264 1102 1401 1138 dignitate
1422 1102 1458 1129 ab
1485 1101 1544 1130 illis
1571 1103 1663 1131 ornari
1695 1109 1784 1139 atque

272 1161 289 1175 ‚⁷
310 1142 412 1172 instrui
434 1155 464 1175 se
479 1157 566 1184 posse
588 1151 726 1181 videbat?
747 1153 805 1182 illis
824 1154 898 1182 enim
923 1155 978 1183 ista
1002 1154 1151 1191 quaesita,
1172 1154 1205 1183 ab
1230 1154 1287 1183 illis
1310 1153 1472 1189 descripta,
1493 1159 1612 1188 notata,
1632 1162 1782 1191 praecepta

271 1212 288 1227 ’a
309 1201 406 1231 erant,
427 1199 615 1237 omniumque
636 1211 762 1240 rerump.
785 1208 946 1241 rectiones,
976 1215 1096 1244 genera,
1127 1212 1239 1241 status,
1269 1205 1463 1239 mutationes,
1486 1204 1562 1241 leges
1582 1204 1665 1234 etiam
1690 1211 1717 1234 et
1740 1206 1785 1235 in·

272 1263 292 1279 „
312 1245 414 1275 stituta
434 1257 465 1277 ac
481 1258 575 1280 mores
596 1253 755 1284 Civitatum
770 1277 779 1290 ,
801 1257 1045 1293 pei-scripserant:
1068 1256 1247 1292 eloquentiae
1264 1264 1349 1290 vero,
1371 1263 1444 1291 quae
1458 1261 1486 1283 et
1505 1255 1684 1291 principibus
1699 1255 1788 1284 maxi·

274 1315 293 1331 „
314 1306 361 1327 mo
382 1308 547 1332 ornamento
570 1312 631 1341 est,
653 1314 680 1335 et
704 1316 760 1343 qua
785 1308 898 1337 Tullius
920 1309 1030 1337 valebat
1053 1307 1229 1344 plurimum,
1251 1313 1388 1342 quantum
1406 1314 1438 1333 ex
1455 1305 1570 1332 illorum
1592 1307 1787 1335 monumentis

271 1365 292 1381 n
312 1356 370 1377 non
393 1352 546 1383 addidit:”
569 1357 626 1387 (de
645 1358 709 1388 Fi».
732 1359 793 1394 IV,
821 1363 892 1398 22.)
917 1359 967 1388 ubi
989 1368 1062 1397 quae
1084 1358 1199 1396 proprie
1224 1358 1259 1386 de
1277 1357 1384 1386 Catone
1409 1356 1565 1391 dicuntur,
1590 1364 1704 1386 summo
1725 1358 1790 1395 jure

271 1397 403 1429 ciceroni
424 1403 633 1440 adaptavimus,

309 1449 387 1480 Haec
412 1453 526 1492 staffile,
556 1467 620 1487 curn
647 1460 809 1489 Ciceronem
833 1460 1002 1497 Oratorem,
1033 1468 1059 1491 et
1076 1462 1150 1498 Rep.
1174 1461 1375 1497 implicatum,
1399 1460 1456 1495 Jam
1485 1466 1500 1486 a
1519 1457 1700 1494 juvenilibus
1723 1459 1789 1488 inde

271 1502 436 1539 exercitiis,
464 1514 606 1537 momenta
632 1509 833 1546 impellerent,
862 1519 895 1540 ut
919 1513 1086 1541 Academiae
1109 1513 1295 1549 potissimum
1320 1516 1414 1547 partes
1444 1509 1617 1545 susciperet:
1648 1510 1789 1539 maturius

274 1552 426 1590 meditato,
453 1563 538 1592 atque
561 1568 612 1594 per
633 1561 723 1589 otium
746 1571 843 1591 omnes
868 1563 953 1591 simul
980 1564 1129 1594 universae
1158 1562 1364 1600 Philosophiae
1387 1568 1481 1597 partes
1504 1559 1706 1596 perspicienti,
1734 1561 1790 1589 alia

273 1603 407 1642 deinceps
424 1616 509 1637 causa
530 1612 642 1647 extitit,
666 1622 721 1649 qua
745 1614 889 1650 impulsus
918 1617 1116 1646 Academicam
1141 1614 1261 1644 maxime
1285 1613 1422 1642 rationem
1446 1613 1678 1647 amplecteretur:
1700 1610 1791 1649 insig-

272 1662 324 1683 nes
348 1665 448 1694 nempe
468 1663 689 1698 contentiones,
708 1672 793 1701 atque
816 1667 1009 1703 discrepantes
1033 1674 1097 1696 toto
1129 1674 1229 1704 genere
1253 1664 1380 1693 omnium
1407 1662 1649 1697 Philosophorum
1675 1668 1789 1690 senten·

275 1704 350 1740 tiae,
372 1708 400 1736 in
420 1711 555 1741 omnibus
575 1715 693 1744 omnino
713 1716 918 1754 Philosophiae
942 1719 1091 1754 partibi153
1114 1719 1147 1747 de
1169 1726 1225 1753 qua
1247 1725 1275 1744 re
1295 1713 1506 1751 elegantissime
1530 1719 1556 1740 et
1578 1713 1789 1749 jucundissime

276 1754 338 1791 iPSC
353 1757 512 1794 disputavit
530 1765 646 1798 (Acad.
664 1766 705 1803 Q.
728 1767 774 1802 ΙΙ,
797 1776 842 1804 35.
867 1770 901 1797 ad
920 1769 1002 1798 finem
1028 1770 1138 1806 libri);
1165 1777 1224 1804 quo
1245 1768 1331 1801 loco,
1358 1766 1446 1794 nullis
1471 1764 1602 1801 partibus
1623 1765 1791 1801 addictum,

278 1814 388 1841 raptum
418 1818 503 1847 atque
523 1814 689 1846 distractum
714 1828 745 1847 se
768 1820 923 1849 innumeris
944 1821 1178 1850 doctissimorum
1213 1818 1361 1847 hominum
1395 1815 1644 1850 dissensionibus,
1667 1815 1794 1845 Lucullo

278 1857 378 1894 0ffffl3
409 1870 538 1893 coactum
564 1868 683 1902 proinde
710 1878 741 1898 se
765 1871 936 1907 professus,
967 1873 1018 1909 qui
1042 1872 1114 1902 nulli
1137 1873 1220 1908 plane
1241 1869 1396 1900 sententiae
1417 1877 1448 1898 se
1471 1868 1630 1903 devinciat,
1656 1870 1704 1898 sed
1726 1870 1792 1898 nul-

278 1910 333 1938 lam
352 1913 440 1947 certi,
462 1916 625 1954 nullamque
649 1921 708 1950 veri
738 1922 915 1952 discernendi
937 1931 1033 1953 notam
1049 1923 1215 1953 hominibus
1236 1923 1327 1950 datam
1348 1929 1410 1949 esse
1427 1920 1597 1965 arbitreturt
1620 1919 1658 1947 ita
1682 1927 1714 1948 ut
1733 1920 1792 1949 alio

279 1961 346 1992 loco
366 1963 425 2001 (de
445 1966 523 1996 Nat.
547 1968 589 1999 D.
614 1979 641 2007 ι.
661 1972 718 2010 6.)
739 1979 876 2004 testetur:
908 1996 927 2011 „
946 1975 1079 2014 profecto
1101 1983 1150 2004 eos
1167 1974 1268 2011 ipsos,
1291 1971 1342 2009 qui
1359 1979 1390 2000 se
1411 1971 1522 2008 aliquid
1540 1971 1610 1999 certi
1633 1970 1732 2000 habere
1747 1980 1792 2000 ar-
1812 2003 1817 2011 A

1715 2025 1798 2061 ,ui-
