1913 2427
633 165 1071 202 ORATIO.r
1536 164 1583 202 ιδ’

99 283 172 307 rum
195 276 305 316 postea
329 267 423 301 etiam
452 264 557 298 studia
577 263 702 303 affecit,
725 264 901 308 genuitque
921 274 991 295 eam
1014 272 1112 306 quam
1134 261 1248 297 Graeci
1275 260 1494 303 ὃσκησισοφὶαν
1512 272 1568 306 ap.

98 330 279 376 pellabant,
302 326 335 359 id
360 332 422 363 est,
444 325 573 356 inanem
590 323 762 366 sapientiae
789 321 927 364 speciem
947 328 978 353 et
1006 321 1216 364 opinionem,
1242 330 1306 364 qua
1337 326 1373 352 ut
1393 318 1454 351 sibi
1483 320 1573 362 quis.

97 399 162 432 que
182 386 320 417 maxime
342 381 501 427 placebat,
525 381 568 411 ita
589 379 679 423 vulgi
703 379 946 410 admirationem
972 377 1162 409 concitabat.
1210 379 1316 421 Atque
1336 377 1370 409 in
1395 377 1457 408 hoc
1481 376 1572 408 velut

96 443 295 488 arrogantiae
317 450 414 472 cursu
441 445 473 470 et
497 438 638 481 impetu,
670 448 710 468 ne
742 436 782 468 de
809 436 877 467 aliis
900 435 1023 473 dicam,
1055 435 1113 478 qui
1140 434 1274 478 gradum
1304 435 1445 472 sisteret,
1475 433 1573 465 indu·

98 501 273 542 striamque
304 497 343 529 ad
371 503 515 528 veterum
549 494 680 526 referret
708 494 918 525 imitationem
944 499 976 523 et
1000 491 1180 534 Judicium‚
1216 492 1453 535 elegantissimo
1482 491 1571 533 inge-

97 559 154 590 nio
172 557 291 589 exstitit
309 554 487 597 Longinus.
532 554 642 596 Itaque
659 558 840 583 contemtus
864 557 910 582 est
937 550 954 580 a
975 549 1101 581 Plotino
1114 573 1122 587 ,
1145 551 1237 591 cnjus
1257 549 1337 580 illud
1367 549 1575 580 notissimum

97 623 162 654 est,
184 614 390 655 Philologum
421 609 552 654 quidem
582 620 644 640 esse
670 610 866 651 Longinum,
891 607 1123 650 Philosophum
1152 606 1240 638 nullo
1270 605 1387 638 modo!
1432 606 1498 639 Alii
1523 605 1573 636 vi-

97 673 222 709 derint,
260 680 326 713 quo
353 668 463 699 animo
487 668 660 711 accipiant,
696 667 722 697 si
750 665 833 696 'sorte
865 666 904 696 iis
927 665 1138 695 Grammatici
1176 674 1296 695 nomen
1331 670 1385 694 aut
1416 662 1578 705 philologi·

98 727 313 765 concedatur,
337 732 472 769 negetur
491 723 696 767 Philosophi,
721 730 774 754 aut
796 723 962 761 Historici,
986 728 1041 752 aut
1058 721 1258 764 Antiquarii,
1281 727 1335 751 aut
1352 720 1489 757 Pontici,
1522 726 1578 751 aut:

99 785 280 819 Aesthetici.
327 782 409 814 Mihi
436 781 520 813 certe
543 781 635 812 nullo
657 781 830 825 praeconio
853 780 955 822 magis
979 779 1088 810 ornari
1113 777 1239 810 videtur
1263 777 1404 820 Longini
1439 788 1580 815 nomen,-

101 853 198 887 quam
225 841 278 872 illa
297 839 435 883 superba
455 839 574 870 Plotini
597 838 858 882 reprehensione.
952 827 957 832 ⁵

162 898 405 942 Disputavimus
432 895 527 933 haec,
552 897 592 927 A.
607 897 667 934 A.‚
702 901 738 926 ut
757 895 1009 926 Grammaticum
1025 916 1035 931 ,
1059 893 1122 924 hoc
1141 898 1205 931 est,
1230 902 1323 930 eum,
1349 892 1406 934 qui
1432 897 1578 922 veterum

98 961 389 989 monumentorum
413 953 570 996 interpres
604 964 671 983 esse
697 951 793 989 velit,
821 959 852 984 et
878 952 984 983 omnis
1003 951 1073 994 ejus
1095 950 1305 994 praestantiae
1332 948 1463 992 quidam
1490 959 1576 979 nun·

98 1015 187 1050 cius,
212 1024 280 1044 non
305 1021 527 1043 revocaremus
555 1009 595 1041 ab
625 1009 760 1041 aliarum
793 1021 901 1041 rerum
927 1008 1034 1040 studio
1059 1014 1090 1038 et
1123 1006 1346 1049 indagatione,
1376 1004 1431 1036 sed
1457 1004 1577 1048 praeci-

98 1081 202 1115 puum
224 1076 257 1101 et
282 1069 450 1112 proprium
475 1074 506 1098 et
529 1067 742 1098 necessarium
767 1067 797 1097 ei
812 1066 875 1098 hoc
895 1076 1015 1096 munus
1039 1064 1298 1102 ostenderemus,
1328 1063 1582 1093 Grammaticam

97 1127 345 1170 intelligentiam
364 1124 514 1168 perficere
535 1130 567 1155 et
589 1123 767 1161 custodire,
793 1123 935 1167 ipsisque
957 1122 1102 1165 reliquiis
1125 1120 1311 1159 vetustatis,
1336 1127 1495 1164 quantum
1518 1115 1588 1150 fic?

100 1185 129 1216 riv
152 1190 275 1228 potest,
302 1182 518 1225 integritatem
552 1181 727 1212 restituere.
775 1180 875 1223 Quod
898 1182 1007 1223 ipsum·
1034 1190 1108 1210 cum
1138 1177 1238 1216 forte,
1263 1185 1318 1209 aut
1348 1177 1483 1208 utilitate
1512 1186 1579 1219 par*-

99 1252 194 1280 vum,
217 1247 273 1272 aut
303 1238 410 1271 studio
438 1238 612 1282 putidum,
635 1245 690 1269 aut
717 1236 865 1268 facultate
897 1237 985 1274 leve,
1018 1243 1074 1267 aut
1103 1237 1198 1267 etiam
1226 1236 1350 1266 ratione
1382 1233 1579 1272 obscurum,

97 1299 262 1336 videatur,
284 1296 336 1328 his
357 1306 489 1340 quoque
514 1294 762 1335 satisfaciamus,
794 1294 959 1337 hujusque
981 1293 1080 1325 studii
1104 1299 1135 1324 et
1160 1293 1336 1332 rationem,
1362 1298 1392 1323 et
1417 1297 1580 1335 praestan·-

96 1356 175 1388 tiam
198 1354 388 1398 aperiamus.

164 1413 247 1444 Nam
268 1422 329 1454 ego
353 1411 381 1442 si
402 1411 438 1442 in
467 1409 641 1442 verborum
660 1420 736 1442 cura
760 1408 937 1453 plurimum
959 1419 1076 1451 operae
1097 1406 1285 1451 ponendum
1310 1416 1473 1445 censeam,
1495 1403 1580 1451 mul·

100 1470 159 1508 tis,
182 1468 297 1505 credo,
322 1468 476 1499 ridiculus
500 1469 578 1506 sim,
609 1467 679 1499 aliis
699 1477 926 1510 persuasurum
955 1465 1103 1503 confido,
1138 1465 1185 1503 id,
1210 1464 1298 1507 quod
1322 1470 1479 1506 spectem,
1511 1473 1582 1494 nou

100 1527 196 1571 plane
220 1525 396 1556 absurdum
415 1536 492 1557 esse.
529 1525 740 1567 Reliquarum
760 1523 824 1554 fere
849 1523 998 1554 omnium
1023 1533 1154 1559 rerum,
1179 1522 1212 1552 in
1231 1520 1350 1563 quibus
1372 1527 1402 1550 et
1425 1519 1581 1559 formam,

98 1591 130 1616 et
153 1590 396 1626 argumentum,
422 1582 489 1613 sive
516 1593 583 1613 rem
618 1582 738 1624 ipsam,
763 1580 1021 1618 consideramus,
1050 1580 1133 1610 hanc
1160 1578 1206 1609 illi
1235 1587 1390 1621 praestare
1424 1577 1584 1609 dicimus&

104 1641 139 1671 in
164 1641 330 1683 perpaucis
360 1640 403 1669 ita
429 1638 499 1670 fieri
525 1638 626 1676 solet,
658 1645 712 1677 ut,
743 1645 848 1669 utram
873 1638 975 1681 magis
999 1636 1160 1674 attendas,
1185 1635 1322 1667 dubium
1346 1635 1402 1666 sit:
1436 1635 1468 1665 in
1495 1641 1580 1666 vete·

103 1697 194 1728 ribus
219 1697 318 1728 literis
345 1703 434 1727 tanto
461 1703 618 1740 praestare
638 1695 775 1726 formam
806 1694 951 1732 affirmo,
975 1701 1027 1733 ut,
1050 1705 1086 1725 ca
1109 1694 1136 1724 si
1165 1693 1316 1729 tollatur,
1347 1702 1414 1723 non
1438 1691 1580 1731 videam,

104 1754 184 1797 qnid
216 1753 296 1785 tanti
331 1765 400 1784 eam
436 1753 636 1797 discipllnam
671 1752 850 1791 faciamus,
889 1752 1002 1794 quanti
1039 1751 1079 1782 ab
1114 1750 1266 1781 omnibus
1305 1748 1374 1780 ficri
1422 1748 1580 1781 videmus.

105 1811 191 1851 Quid
208 1811 319 1842 enim?
342 1810 509 1841 audiamus
528 1811 667 1842 novitios
689 1809 845 1853 quosdam
869 1816 900 1840 et
922 1809 1076 1840 obscuros
1100 1806 1333 1850 Philosophus,
1358 1806 1415 1848 qui
1442 1805 1585 1836 Platonis

101 1868 291 1900 sententiam
311 1873 508 1910 exposcunt,
529 1868 700 1910 ipsumque
725 1867 812 1898 velut
831 1867 865 1897 in
889 1866 1036 1897 ordinem
1057 1864 1199 1907 cogunt?
1224 1874 1263 1894 an
1284 1863 1472 1894 cetetnazam
1495 1863 1580 1893 illam

105 1923 484 1957 Academiaedisserendi
505 1925 655 1955 virtutem
675 1923 924 1962 admirabimur,
948 1923 1096 1967 pleraque
1113 1921 1296 1958 refutantis,
1318 1920 1357 1950 sle
1381 1921 1532 1950 omnibus
1549 1921 1586 1950 inv

106 1989 277 2024 utramque
309 1989 429 2024 partein
461 1981 654 2024 disputantis
673 2004 682 2020 ,
716 1982 866 2012 universa
902 1980 1107 2012 altercatione
1135 1978 1245 2010 festiva
1281 1977 1588 2020 comp:metult-ntis

106 2039 300 2083 gravissimis
324 2039 515 2082 interspersa
527 2039 714 2072 sententiis?
759 2039 860 2081 Igitur
879 2038 1018 2070 Platonis
1039 2048 1106 2070 uon
1129 2036 1314 2069 sentmitxi,q
1339 2034 1393 2066 secl
1416 2041 1578 2069 oratione,

1538 2091 1584 2120 Jo·
