1913 2427
484 134 962 167 DISSERTATIO
1027 134 1300 166 MEDICA..
1619 130 1658 162 13

147 231 253 263 partem
270 222 448 260 Therapiae‚
470 229 497 251 et
516 228 593 260 patet
616 221 692 249 illam
708 221 837 249 omnium
861 220 1016 256 plurimum
1035 221 1065 250 in
1084 228 1178 250 actum
1193 221 1354 249 ducendum
1375 228 1457 255 esse,
1477 225 1565 254 quum
1591 219 1658 246 nul-

144 278 193 306 lus
216 277 273 305 fere
296 277 378 304 detur
399 275 516 303 morbus
528 295 538 310 ,
566 274 596 302 in
613 282 671 309 quo
686 272 796 301 curatio
813 280 872 300 non
891 271 1044 301 indicetur.
1086 273 1201 309 Spectat
1218 272 1284 299 haec
1304 270 1438 299 indicatio
1455 277 1516 298 tum
1539 270 1574 298 ad
1590 278 1657 298 cau-

145 337 192 358 sas
216 327 401 361 morborum,
424 326 537 361 quando
556 325 688 354 effectum
710 332 795 352 suum
815 323 871 360 J‘am
896 324 1112 359 produxerunt,
1134 331 1206 359 quae
1228 321 1366 351 indicatio
1383 330 1398 350 a
1420 321 1498 349 Clar.
1519 321 1657 349 Richtero

143 385 269 408 vocatur
299 377 443 411 causalis,
470 382 530 403 tum
555 377 590 404 ad
611 375 707 412 ipsum
735 374 887 409 morbum,
911 383 982 409 quae
994 374 1131 403 indicatio
1147 374 1180 403 ab
1205 374 1304 402 eodem
1325 372 1466 401 indicatio
1489 373 1521 399 in
1534 372 1658 409 phaeno-

144 439 228 459 mena
238 431 406 467 praesentia
421 433 626 463 muncupatur.
672 427 741 455 Non
763 426 846 462 plane
863 425 951 461 igitur
964 434 978 454 a
996 433 1070 455 recta
1090 426 1136 455 via
1161 426 1232 454 mihi
1253 426 1378 454 aberrare
1399 425 1516 458 videor,
1538 430 1659 458 sequen-

144 489 201 511 tem
217 482 306 519 hujus
320 479 502 509 indicationis
520 481 705 516 proponendo
725 479 972 514 subdivisionem,
994 487 1050 514 qua
1067 479 1163 516 primo
1180 477 1322 506 indicatur
1344 476 1449 505 ablatio
1471 475 1518 504 vel
1531 475 1658 502 levamen

143 541 245 563 causae
273 532 365 561 morbi
389 531 570 567 praesentis,
596 540 626 559 v.
652 540 681 567 g.
704 530 842 559 vermium
860 551 870 565 ,
901 538 974 566 quae
999 529 1164 565 epilepsiam
1185 529 1377 564 producunt,
1403 527 1502 564 ejectio
1527 535 1581 562 ope
1607 532 1656 553 an-

142 583 428 618 thelminthicorum3
458 582 525 610 licet
556 581 623 610 hinc
647 589 706 610 non
727 589 839 617 semper
869 587 1006 617 sequatur
1029 580 1138 608 sanatio
1166 580 1275 615 morbi,
1304 579 1355 615 qui
1379 587 1461 614 saepe
1482 586 1515 606 ex
1537 576 1657 605 stimulo

142 642 284 665 consueto
308 642 448 662 remanere
470 639 576 668 potest.
624 632 714 662 Aliud
742 632 901 668 exemplum
925 631 1040 667 praebet
1064 637 1145 659 costa
1169 631 1312 666 defracta,
1339 638 1410 666 quae
1435 628 1582 665 pressione
1605 635 1659 656 sua

141 687 173 716 in
197 689 349 724 pulmones
367 685 614 714 inflammationem
632 685 821 720 produxerat,
851 685 965 720 quando
993 683 1038 711 vel
1057 689 1118 711 tota
1146 683 1191 710 vel
1215 690 1268 717 pro
1293 687 1370 717 parte
1393 680 1523 713 tollitur,
1553 685 1602 706 aut
1628 678 1658 706 in

141 738 296 776 pristinum
317 737 473 766 naturalem
498 742 602 764 statum
628 735 784 765 reducitur.
823 736 869 764 Ex
892 735 972 763 hisce
991 733 1127 770 exemplis
1144 734 1199 769 jam
1217 732 1286 761 satis
1308 739 1406 769 patet,
1427 731 1457 759 in
1482 730 1559 759 omui
1583 738 1659 758 mor-

142 789 203 825 bo,
223 790 254 818 in
276 797 335 825 quo
356 787 470 816 obtinet
497 786 634 815 indicatio
663 786 877 823 therapeutica,
907 794 966 814 non
994 793 1105 821 semper
1128 784 1299 813 ablationem
1331 791 1481 811 causarum
1511 781 1657 817 sufficere3

143 842 215 878 quin
239 839 424 876 saepissime,
446 838 526 874 quod
543 838 662 866 maxime
684 838 857 873 dolendum,
885 844 987 866 causae
1009 836 1174 864 morborum
1203 835 1312 869 latent,
1337 834 1382 862 vel
1404 833 1515 862 illarum
1537 831 1658 860 remotio

142 890 335 928 impossibilis
356 896 418 924 est,
439 889 469 917 in
490 897 549 923 quo
570 897 639 916 casu
662 888 747 916 nobis
767 889 923 918 secundum
945 888 1037 924 ipsam
1060 886 1151 915 morbi
1176 886 1300 914 indolem
1319 892 1347 914 et
1366 884 1527 921 empeiriam
1557 891 1657 913 sanam

141 942 281 979 agendum
295 947 350 969 est.
380 941 478 976 Atque
493 939 560 968 hinc
578 939 696 968 secando
711 941 831 968 docetur
849 939 900 967 hae
916 939 1090 968 indicatione
1104 937 1230 972 ablatio,
1245 938 1313 972 vel,
1334 937 1387 965 hac
1404 935 1561 972 impedita,
1583 936 1659 964 leva-

141 1001 207 1022 men
230 992 325 1029 ipsius
350 990 460 1027 morbi;
483 990 525 1019 sic
550 991 735 1019 inflammatio
757 991 805 1019 illa
832 991 1022 1026 pulmonum,
1052 998 1124 1025 quae
1147 995 1190 1017 est
1211 988 1329 1017 morbus
1352 988 1515 1024 productus
1538 995 1553 1015 a
1578 992 1660 1014 costa

141 1050 333 1080 retropressa,
356 1041 484 1071 aufertur
505 1042 640 1070 methodo
659 1041 914 1078 antiphlogistica3
938 1042 1022 1071 multi
1044 1040 1138 1070 morbi
1159 1039 1306 1076 chronici,
1327 1038 1484 1074 epilepsia,
1505 1038 1656 1074 hydrops,

142 1101 216 1124 caet.
249 1102 332 1131 saepe
359 1100 469 1123 tantum
492 1102 545 1131 pro
565 1100 645 1131 parte
668 1093 732 1122 tolli
754 1099 902 1130 possunt,
931 1099 959 1122 et
986 1093 1054 1130 hinc
1079 1100 1139 1122 non
1168 1091 1225 1121 nisi
1247 1090 1394 1128 partialem
1416 1089 1591 1120 curationem
1612 1088 1659 1116 ad-

143 1147 275 1175 mittunt.
644 1153 647 1156 ·

160 1213 169 1219 -
182 1198 300 1234 Semper
318 1198 514 1235 therapeutica
530 1205 574 1228 est
594 1199 711 1229 dicenda
726 1200 794 1229 haee
811 1199 965 1235 indicatio,
983 1198 1122 1235 quamdiu
1133 1203 1261 1228 versatur
1274 1197 1349 1227 eirca
1369 1195 1546 1225 curationem
1562 1200 1659 1229 aegro-

143 1255 252 1278 torum.
287 1249 390 1285 Neque
404 1250 461 1278 illis
479 1251 703 1287 assentior2qui
719 1252 790 1280 hanc
805 1251 1006 1280 indicationem
1021 1249 1267 1286 confirmatoriam
1282 1248 1402 1282 dicunt,
1425 1245 1540 1282 quando
1558 1242 1661 1272 recidi-

145 1309 180 1335 va
200 1301 367 1329 morborum
382 1303 586 1336 praeservanda
599 1309 662 1338 θεῖς
685 1303 751 1330 haec
768 1303 842 1331 enim
858 1302 1050 1338 praeservatio
1067 1301 1118 1329 ubi
1134 1299 1309 1335 requiritur,
1333 1306 1443 1334 semper
1457 1297 1569 1331 aliquae
1584 1301 1662 1323 mor-

142 1351 174 1380 bi
191 1351 327 1387 reliquiae
339 1352 445 1385 latent,
463 1359 490 1378 et
503 1352 852 1392 himfflegljeusnondum
863 1351 1030 1380 indicationi
1045 1350 1274 1387 therapeuticae,
1288 1357 1360 1385 quae
1373 1347 1464 1377 morbi
1479 1346 1656 1375 curationem

144 1402 250 1437 docet,
266 1402 289 1429 si
305 1402 364 1429 fieri
383 1409 496 1437 potest,
518 1403 670 1438 plenariam
681 1424 692 1438 ,
711 1404 793 1439 plene
809 1402 970 1438 satisfecit3
989 1402 1050 1437 sic,
1064 1411 1094 1430 v.
1110 1410 1138 1430 c.
1156 1401 1181 1429 si
1194 1401 1314 1428 fluorem
1329 1399 1424 1427 album
1439 1406 1473 1427 ex
1487 1397 1600 1426 laxitate
1614 1405 1662 1424 so-

143 1453 267 1482 lidorum
291 1452 511 1487 roborantibus,
531 1453 795 1489 adstringentibus‚
812 1460 881 1482 caet.
893 1454 949 1490 jam
971 1452 1132 1487 sanaveris,
1150 1451 1286 1480 indicatio
1307 1450 1375 1485 illa,
1396 1450 1553 1478 secundum
1571 1455 1658 1484 quam

143 1512 194 1542 per
217 1503 329 1539 aliquot
345 1510 460 1538 tempus
477 1503 628 1532 methodus
644 1503 711 1538 illa,
735 1512 820 1540 quam
837 1504 1023 1539 institueras,
1045 1502 1236 1532 continuanda
1249 1507 1310 1536 est,
1332 1500 1393 1529 sin:
1409 1501 1469 1529 ullo
1485 1499 1575 1528 dubio
1587 1498 1659 1527 mihi

144 1548 487 1592 therapeutica'diecnda
509 1554 639 1590 videtur,
669 1555 736 1590 quia
759 1555 859 1584 laxitas
889 1555 937 1583 illa
965 1555 1125 1584 s011d0ruru
1157 1553 1284 1581 nondum
1314 1552 1347 1580 ad
1370 1551 1523 1587 pristinum
1546 1549 1660 1578 roboris

143 1613 249 1636 statum
276 1606 390 1634 reducta
410 1611 474 1641 est;
496 1605 540 1633 vel
560 1605 714 1640 aliqu-anio
733 1607 816 1635 etiam
838 1602 870 1635 ei(
887 1606 1059 1635 indicatione
1084 1603 1302 1641 prophylactica
1319 1603 1374 1631 hoc
1397 1602 1455 1630 fieri
1474 1608 1591 1638 potest,
1612 1600 1656 1640 si,

144 1658 279 1686 restituto
297 1658 354 1694 J'am
380 1657 431 1686 illo
449 1656 570 1691 robore,
590 1663 683 1685 tamen
707 1657 929 1694 praedispositio
954 1657 1089 1693 quaedam
1114 1656 1148 1684 ad
1169 1654 1310 1683 laxitatem
1333 1660 1467 1682 remanet.

157 1724 162 1735 .
183 1708 363 1747 Quamquam
379 1708 517 1736 latissime
533 1714 625 1743 pateat
645 1708 827 1738 iudicationis
848 1709 935 1745 hujus
957 1707 1165 1744 therapeuticae
1186 1714 1325 1741 campus,
1345 1706 1448 1733 dantur
1470 1711 1564 1732 tamen
1586 1711 1659 1732 non·

146 1760 221 1789 nulli
239 1769 340 1795 casus,
362 1758 542 1794 intquibus‚
563 1759 630 1788 licet
654 1760 748 1788 morbi
769 1760 827 1789 sint
842 1760 1001 1794 sanabiles,
1027 1759 1143 1787 minime
1158 1764 1250 1786 tamen
1267 1756 1336 1784 huic
1353 1755 1518 1784 indicationi
1540 1754 1661 1783 satisfie-

145 1810 168 1840 ri
182 1812 277 1840 debet.
313 1811 530 1842 Nonnunquam
545 1810 617 1838 enim
636 1811 729 1840 morbi
745 1818 900 1840 occurrunt
915 1810 1073 1845 sanabiles,
1092 1810 1161 1845 qui,
1178 1817 1267 1845 quum
1287 1807 1392 1844 pejoris
1409 1806 1500 1835 morbi
1511 1806 1568 1835 sint
1582 1813 1660 1842 prae-

149 1862 274 1891 servatio
292 1868 319 1890 et
334 1862 464 1896 sanatio,
484 1861 529 1890 vtl
554 1862 640 1890 vitam
656 1863 818 1891 sustineant
838 1869 864 1891 et
882 1862 1068 1899 protrahant,
1089 1861 1264 1890 curationem
1284 1867 1341 1888 non
1355 1858 1522 1886 admittunt.
1562 1856 1660 1885 Febris

146 1912 336 1941 intermittms
360 1913 499 1948 vernalis,
521 1922 593 1949 quae
613 1922 696 1950 saepe
720 1913 943 1949 periculosiores
966 1914 1083 1942 morbos
1107 1919 1270 1949 praecavere
1291 1910 1423 1944 videtur,
1448 1916 1475 1937 ct
1495 1916 1567 1944 quae
1587 1908 1661 1936 mul-

147 1969 209 1993 tum
242 1963 364 1993 subinde
394 1964 468 1994 valet
499 1965 533 1994 ad
561 1966 785 2003 promovendam
817 1964 991 1996 solutionem
1017 1964 1250 1994 obstructionum
1266 1982 1278 1999 ,
1306 1969 1378 1998 quae
1402 1961 1520 1990 durante
1548 1959 1658 1993 hume,

957 2015 981 2046 B
1002 2024 1019 2053 a
1626 2015 1663 2038 el
