<?xml version="1.0" encoding="UTF-8"?>
<!DOCTYPE html PUBLIC "-//W3C//DTD XHTML 1.0 Transitional//EN"
    "http://www.w3.org/TR/xhtml1/DTD/xhtml1-transitional.dtd">
<html xmlns="http://www.w3.org/1999/xhtml" xml:lang="en" lang="en">
 <head>
  <title>
</title>
<meta http-equiv="Content-Type" content="text/html;charset=utf-8" />
  <meta name='ocr-system' content='tesseract 3.04.00' />
  <meta name='ocr-capabilities' content='ocr_page ocr_carea ocr_par ocr_line ocrx_word'/>
</head>
<body>
  <div class='ocr_page' id='page_1' title='image "annalesacademiae17rijk_0620.png"; bbox 0 0 1913 2427; ppageno 0'>
   <div class='ocr_carea' id='block_1_1' title="bbox 175 148 1443 192">
    <p class='ocr_par' dir='ltr' id='par_1_1' title="bbox 175 148 1443 192">
     <span class='ocr_line' id='line_1_1' title="bbox 175 148 1443 192; baseline -0.002 -6"><span class='ocrx_word' id='word_1_1' title='bbox 175 149 214 191; x_wconf 67' lang='grc' dir='ltr'>ια</span> <span class='ocrx_word' id='word_1_2' title='bbox 426 148 1443 192; x_wconf 64' lang='lat' dir='ltr'>FRANCISCIBINKESl</span> 
     </span>
    </p>
   </div>
   <div class='ocr_carea' id='block_1_2' title="bbox 164 235 1691 1302">
    <p class='ocr_par' dir='ltr' id='par_1_2' title="bbox 164 235 1691 1302">
     <span class='ocr_line' id='line_1_2' title="bbox 165 235 1691 276; baseline 0.002 -10"><span class='ocrx_word' id='word_1_3' title='bbox 165 238 206 269; x_wconf 73' lang='lat' dir='ltr'><strong>,id</strong></span> <span class='ocrx_word' id='word_1_4' title='bbox 221 235 364 272; x_wconf 81' lang='lat' dir='ltr'>exsolvit,</span> <span class='ocrx_word' id='word_1_5' title='bbox 381 237 460 272; x_wconf 90' lang='lat' dir='ltr'>quod</span> <span class='ocrx_word' id='word_1_6' title='bbox 476 235 664 273; x_wconf 84' lang='lat' dir='ltr'>promiserat;</span> <span class='ocrx_word' id='word_1_7' title='bbox 683 237 761 273; x_wconf 88' lang='lat' dir='ltr'>quod</span> <span class='ocrx_word' id='word_1_8' title='bbox 773 245 808 266; x_wconf 86' lang='lat' dir='ltr'>eo</span> <span class='ocrx_word' id='word_1_9' title='bbox 825 236 915 274; x_wconf 80' lang='lat' dir='ltr'>magis</span> <span class='ocrx_word' id='word_1_10' title='bbox 929 236 1031 267; x_wconf 88' lang='lat' dir='ltr'>mirum</span> <span class='ocrx_word' id='word_1_11' title='bbox 1044 257 1054 273; x_wconf 90' lang='lat'>‚</span> <span class='ocrx_word' id='word_1_12' title='bbox 1071 237 1139 273; x_wconf 83' lang='lat' dir='ltr'>quia</span> <span class='ocrx_word' id='word_1_13' title='bbox 1153 245 1169 264; x_wconf 88' lang='lat' dir='ltr'>a</span> <span class='ocrx_word' id='word_1_14' title='bbox 1186 237 1332 274; x_wconf 84' lang='lat' dir='ltr'>discipulo</span> <span class='ocrx_word' id='word_1_15' title='bbox 1347 237 1503 272; x_wconf 77' lang='lat' dir='ltr'>Panaetii,</span> <span class='ocrx_word' id='word_1_16' title='bbox 1521 236 1691 276; x_wconf 69' lang='lat' dir='ltr'>Posidonia,</span> 
     </span>
     <span class='ocr_line' id='line_1_3' title="bbox 176 287 1690 325; baseline 0.001 -7"><span class='ocrx_word' id='word_1_17' title='bbox 176 289 318 325; x_wconf 84' lang='lat' dir='ltr'>scriptum</span> <span class='ocrx_word' id='word_1_18' title='bbox 337 294 401 324; x_wconf 77' lang='lat' dir='ltr'>est,</span> <span class='ocrx_word' id='word_1_19' title='bbox 428 287 543 325; x_wconf 85' lang='lat' dir='ltr'>triginta</span> <span class='ocrx_word' id='word_1_20' title='bbox 567 289 650 317; x_wconf 87' lang='lat' dir='ltr'>annis</span> <span class='ocrx_word' id='word_1_21' title='bbox 668 288 776 318; x_wconf 74' lang='lat' dir='ltr'>vixisse</span> <span class='ocrx_word' id='word_1_22' title='bbox 791 289 987 323; x_wconf 81' lang='lat' dir='ltr'><em>Panaetium,</em></span> <span class='ocrx_word' id='word_1_23' title='bbox 1008 295 1192 325; x_wconf 77' lang='lat' dir='ltr'>posteaquam</span> <span class='ocrx_word' id='word_1_24' title='bbox 1217 289 1284 318; x_wconf 89' lang='lat' dir='ltr'>illos</span> <span class='ocrx_word' id='word_1_25' title='bbox 1307 288 1396 317; x_wconf 90' lang='lat' dir='ltr'>libros</span> <span class='ocrx_word' id='word_1_26' title='bbox 1418 288 1562 318; x_wconf 86' lang='lat' dir='ltr'><strong>edidisset.</strong></span> <span class='ocrx_word' id='word_1_27' title='bbox 1603 289 1690 320; x_wconf 86' lang='lat' dir='ltr'>Hunc</span> 
     </span>
     <span class='ocr_line' id='line_1_4' title="bbox 178 339 1691 376; baseline 0.001 -7"><span class='ocrx_word' id='word_1_28' title='bbox 178 341 276 369; x_wconf 86' lang='lat' dir='ltr'>locum</span> <span class='ocrx_word' id='word_1_29' title='bbox 295 339 477 368; x_wconf 73' lang='lat' dir='ltr'>Possidom&#39;tzs</span> <span class='ocrx_word' id='word_1_30' title='bbox 501 339 625 368; x_wconf 86' lang='lat' dir='ltr'>breviter</span> <span class='ocrx_word' id='word_1_31' title='bbox 649 339 765 376; x_wconf 86' lang='lat' dir='ltr'>tetigit,</span> <span class='ocrx_word' id='word_1_32' title='bbox 783 340 813 370; x_wconf 91' lang='lat' dir='ltr'>in</span> <span class='ocrx_word' id='word_1_33' title='bbox 834 339 1007 376; x_wconf 83' lang='lat' dir='ltr'>quibusdam</span> <span class='ocrx_word' id='word_1_34' title='bbox 1024 340 1257 375; x_wconf 82' lang='lat' dir='ltr'>commentariis,</span> <span class='ocrx_word' id='word_1_35' title='bbox 1279 340 1358 375; x_wconf 82' lang='lat' dir='ltr'>quod</span> <span class='ocrx_word' id='word_1_36' title='bbox 1376 339 1479 367; x_wconf 87' lang='lat' dir='ltr'>mirum</span> <span class='ocrx_word' id='word_1_37' title='bbox 1497 340 1626 369; x_wconf 74' lang='lat' dir='ltr'><em>Ciceroni</em></span> <span class='ocrx_word' id='word_1_38' title='bbox 1647 341 1691 371; x_wconf 88' lang='lat' dir='ltr'><strong>vi-</strong></span> 
     </span>
     <span class='ocr_line' id='line_1_5' title="bbox 173 390 1688 428; baseline 0 -8"><span class='ocrx_word' id='word_1_39' title='bbox 173 392 275 426; x_wconf 81' lang='lat' dir='ltr'>detur,</span> <span class='ocrx_word' id='word_1_40' title='bbox 296 390 462 427; x_wconf 84' lang='lat' dir='ltr'>praesertim</span> <span class='ocrx_word' id='word_1_41' title='bbox 482 399 547 419; x_wconf 90' lang='lat' dir='ltr'>cum</span> <span class='ocrx_word' id='word_1_42' title='bbox 567 390 692 427; x_wconf 80' lang='lat' dir='ltr'>scribat,</span> <span class='ocrx_word' id='word_1_43' title='bbox 717 392 828 420; x_wconf 89' lang='lat' dir='ltr'>nullum</span> <span class='ocrx_word' id='word_1_44' title='bbox 853 399 915 422; x_wconf 87' lang='lat' dir='ltr'>esse</span> <span class='ocrx_word' id='word_1_45' title='bbox 931 392 1026 421; x_wconf 89' lang='lat' dir='ltr'>locum</span> <span class='ocrx_word' id='word_1_46' title='bbox 1048 391 1077 420; x_wconf 91' lang='lat' dir='ltr'>in</span> <span class='ocrx_word' id='word_1_47' title='bbox 1099 391 1284 427; x_wconf 83' lang='lat' dir='ltr'>philosophia</span> <span class='ocrx_word' id='word_1_48' title='bbox 1310 397 1365 419; x_wconf 87' lang='lat' dir='ltr'>tam</span> <span class='ocrx_word' id='word_1_49' title='bbox 1382 390 1572 420; x_wconf 80' lang='lat' dir='ltr'>necessarium</span> <span class='ocrx_word' id='word_1_50' title='bbox 1591 391 1688 428; x_wconf 83' lang='lat'>(14).</span> 
     </span>
     <span class='ocr_line' id='line_1_6' title="bbox 166 441 1689 481; baseline 0.001 -10"><span class='ocrx_word' id='word_1_51' title='bbox 166 442 297 481; x_wconf 84' lang='lat' dir='ltr'>Quidem</span> <span class='ocrx_word' id='word_1_52' title='bbox 319 450 438 478; x_wconf 82' lang='lat' dir='ltr'>negasse</span> <span class='ocrx_word' id='word_1_53' title='bbox 457 441 612 478; x_wconf 82' lang='lat' dir='ltr'>videntur,</span> <span class='ocrx_word' id='word_1_54' title='bbox 635 442 716 471; x_wconf 87' lang='lat' dir='ltr'>illum</span> <span class='ocrx_word' id='word_1_55' title='bbox 737 443 833 472; x_wconf 87' lang='lat' dir='ltr'>locum</span> <span class='ocrx_word' id='word_1_56' title='bbox 858 451 874 472; x_wconf 87' lang='lat' dir='ltr'>a</span> <span class='ocrx_word' id='word_1_57' title='bbox 897 442 1040 471; x_wconf 78' lang='lat' dir='ltr'><em>Panaetio</em></span> <span class='ocrx_word' id='word_1_58' title='bbox 1064 451 1125 471; x_wconf 85' lang='lat' dir='ltr'>esse</span> <span class='ocrx_word' id='word_1_59' title='bbox 1145 442 1393 478; x_wconf 79' lang='lat' dir='ltr'>ptaetermissum,</span> <span class='ocrx_word' id='word_1_60' title='bbox 1421 443 1471 478; x_wconf 81' lang='lat' dir='ltr'>sed</span> <span class='ocrx_word' id='word_1_61' title='bbox 1492 443 1628 471; x_wconf 85' lang='lat' dir='ltr'>consulto</span> <span class='ocrx_word' id='word_1_62' title='bbox 1649 451 1689 473; x_wconf 81' lang='lat' dir='ltr'>re·</span> 
     </span>
     <span class='ocr_line' id='line_1_7' title="bbox 174 493 1690 530; baseline 0.001 -8"><span class='ocrx_word' id='word_1_63' title='bbox 174 493 300 528; x_wconf 72' lang='lat' dir='ltr'>lictum,</span> <span class='ocrx_word' id='word_1_64' title='bbox 328 493 396 529; x_wconf 90' lang='lat' dir='ltr'>quia</span> <span class='ocrx_word' id='word_1_65' title='bbox 424 501 458 522; x_wconf 84' lang='lat' dir='ltr'>ex</span> <span class='ocrx_word' id='word_1_66' title='bbox 483 493 623 527; x_wconf 84' lang='lat' dir='ltr'>sententia</span> <span class='ocrx_word' id='word_1_67' title='bbox 649 494 809 523; x_wconf 74' lang='lat' dir='ltr'>Stoicorum</span> <span class='ocrx_word' id='word_1_68' title='bbox 843 502 991 530; x_wconf 85' lang='lat' dir='ltr'>nunquam</span> <span class='ocrx_word' id='word_1_69' title='bbox 1029 494 1124 530; x_wconf 81' lang='lat' dir='ltr'>possit</span> <span class='ocrx_word' id='word_1_70' title='bbox 1150 494 1260 522; x_wconf 84' lang='lat' dir='ltr'>utilitas</span> <span class='ocrx_word' id='word_1_71' title='bbox 1281 502 1347 522; x_wconf 88' lang='lat' dir='ltr'>cum</span> <span class='ocrx_word' id='word_1_72' title='bbox 1375 493 1523 522; x_wconf 87' lang='lat' dir='ltr'>honestate</span> <span class='ocrx_word' id='word_1_73' title='bbox 1552 502 1690 530; x_wconf 80' lang='lat' dir='ltr'>pugnare.</span> 
     </span>
     <span class='ocr_line' id='line_1_8' title="bbox 164 544 1690 581; baseline 0 -7"><span class='ocrx_word' id='word_1_74' title='bbox 164 544 244 574; x_wconf 56' lang='lat' dir='ltr'>&gt;Hoc</span> <span class='ocrx_word' id='word_1_75' title='bbox 266 551 360 573; x_wconf 85' lang='lat' dir='ltr'>tamen</span> <span class='ocrx_word' id='word_1_76' title='bbox 374 551 466 581; x_wconf 80' lang='lat' dir='ltr'>negat</span> <span class='ocrx_word' id='word_1_77' title='bbox 487 545 605 580; x_wconf 79' lang='lat' dir='ltr'>Cicero,</span> <span class='ocrx_word' id='word_1_78' title='bbox 624 551 650 573; x_wconf 88' lang='lat' dir='ltr'>et</span> <span class='ocrx_word' id='word_1_79' title='bbox 673 545 848 575; x_wconf 67' lang='lat' dir='ltr'>Panaenum</span> <span class='ocrx_word' id='word_1_80' title='bbox 871 546 901 575; x_wconf 88' lang='lat' dir='ltr'>in</span> <span class='ocrx_word' id='word_1_81' title='bbox 927 546 983 574; x_wconf 89' lang='lat' dir='ltr'>hoc</span> <span class='ocrx_word' id='word_1_82' title='bbox 1008 544 1153 580; x_wconf 76' lang='lat' dir='ltr'><strong>defendit,</strong></span> <span class='ocrx_word' id='word_1_83' title='bbox 1181 546 1260 580; x_wconf 83' lang='lat' dir='ltr'><strong>quod</strong></span> <span class='ocrx_word' id='word_1_84' title='bbox 1283 553 1342 574; x_wconf 81' lang='lat' dir='ltr'>non</span> <span class='ocrx_word' id='word_1_85' title='bbox 1359 545 1441 574; x_wconf 84' lang='lat' dir='ltr'>utilia</span> <span class='ocrx_word' id='word_1_86' title='bbox 1467 553 1532 573; x_wconf 91' lang='lat' dir='ltr'>cum</span> <span class='ocrx_word' id='word_1_87' title='bbox 1557 544 1690 576; x_wconf 81' lang='lat' dir='ltr'>honestis</span> 
     </span>
     <span class='ocr_line' id='line_1_9' title="bbox 164 595 1690 634; baseline 0.001 -10"><span class='ocrx_word' id='word_1_88' title='bbox 164 604 302 633; x_wconf 55' lang='lat' dir='ltr'>‚pugnare</span> <span class='ocrx_word' id='word_1_89' title='bbox 322 595 476 631; x_wconf 80' lang='lat' dir='ltr'>aliquando</span> <span class='ocrx_word' id='word_1_90' title='bbox 500 604 588 632; x_wconf 88' lang='lat' dir='ltr'>posse</span> <span class='ocrx_word' id='word_1_91' title='bbox 607 596 711 629; x_wconf 84' lang='lat' dir='ltr'>dixerit</span> <span class='ocrx_word' id='word_1_92' title='bbox 728 613 767 629; x_wconf 63' lang='lat'>,—</span> <span class='ocrx_word' id='word_1_93' title='bbox 787 605 970 634; x_wconf 24' lang='lat' dir='ltr'>neque-enim</span> <span class='ocrx_word' id='word_1_94' title='bbox 988 597 1022 630; x_wconf 65' lang='lat' dir='ltr'>ei,</span> <span class='ocrx_word' id='word_1_95' title='bbox 1030 596 1073 625; x_wconf 86' lang='lat' dir='ltr'>fas</span> <span class='ocrx_word' id='word_1_96' title='bbox 1088 603 1146 625; x_wconf 82' lang='lat' dir='ltr'>erat</span> <span class='ocrx_word' id='word_1_97' title='bbox 1166 613 1204 630; x_wconf 88' lang='lat'>-.-</span> <span class='ocrx_word' id='word_1_98' title='bbox 1226 597 1275 624; x_wconf 87' lang='lat' dir='ltr'>sed</span> <span class='ocrx_word' id='word_1_99' title='bbox 1295 605 1354 631; x_wconf 57' lang='lat' dir='ltr'>ca,</span> <span class='ocrx_word' id='word_1_100' title='bbox 1369 604 1441 632; x_wconf 89' lang='lat' dir='ltr'>quae</span> <span class='ocrx_word' id='word_1_101' title='bbox 1456 595 1618 629; x_wconf 77' lang='lat' dir='ltr'>viderentur</span> <span class='ocrx_word' id='word_1_102' title='bbox 1633 596 1690 630; x_wconf 76' lang='lat' dir='ltr'>uti-</span> 
     </span>
     <span class='ocr_line' id='line_1_10' title="bbox 174 642 1689 684; baseline 0 -8"><span class='ocrx_word' id='word_1_103' title='bbox 174 647 212 676; x_wconf 85' lang='lat' dir='ltr'>lia</span> <span class='ocrx_word' id='word_1_104' title='bbox 229 647 325 684; x_wconf 83' lang='lat'>(15).</span> <span class='ocrx_word' id='word_1_105' title='bbox 365 646 421 675; x_wconf 83' lang='lat' dir='ltr'>His</span> <span class='ocrx_word' id='word_1_106' title='bbox 439 646 611 676; x_wconf 82' lang='lat' dir='ltr'>deliberandi</span> <span class='ocrx_word' id='word_1_107' title='bbox 631 647 781 684; x_wconf 79' lang='lat' dir='ltr'>generibus</span> <span class='ocrx_word' id='word_1_108' title='bbox 805 642 863 678; x_wconf 84' lang='lat' dir='ltr'>duo</span> <span class='ocrx_word' id='word_1_109' title='bbox 881 657 896 677; x_wconf 86' lang='lat' dir='ltr'>a</span> <span class='ocrx_word' id='word_1_110' title='bbox 911 648 1053 676; x_wconf 75' lang='lat' dir='ltr'>Panaetio</span> <span class='ocrx_word' id='word_1_111' title='bbox 1070 648 1264 684; x_wconf 85' lang='lat' dir='ltr'>praetermissa</span> <span class='ocrx_word' id='word_1_112' title='bbox 1283 655 1384 684; x_wconf 80' lang='lat' dir='ltr'>genera</span> <span class='ocrx_word' id='word_1_113' title='bbox 1401 647 1466 676; x_wconf 87' lang='lat' dir='ltr'><strong>addi</strong></span> <span class='ocrx_word' id='word_1_114' title='bbox 1481 646 1586 675; x_wconf 85' lang='lat' dir='ltr'>voluit.</span> <span class='ocrx_word' id='word_1_115' title='bbox 1627 646 1689 676; x_wconf 83' lang='lat' dir='ltr'>Nec</span> 
     </span>
     <span class='ocr_line' id='line_1_11' title="bbox 174 698 1690 736; baseline 0.001 -10"><span class='ocrx_word' id='word_1_116' title='bbox 174 698 249 727; x_wconf 89' lang='lat' dir='ltr'>enim</span> <span class='ocrx_word' id='word_1_117' title='bbox 266 699 380 733; x_wconf 87' lang='lat' dir='ltr'>solum,</span> <span class='ocrx_word' id='word_1_118' title='bbox 403 704 498 726; x_wconf 90' lang='lat' dir='ltr'>utrum</span> <span class='ocrx_word' id='word_1_119' title='bbox 517 699 668 728; x_wconf 84' lang='lat' dir='ltr'>honestum</span> <span class='ocrx_word' id='word_1_120' title='bbox 684 708 719 728; x_wconf 84' lang='lat' dir='ltr'>an</span> <span class='ocrx_word' id='word_1_121' title='bbox 735 706 818 735; x_wconf 85' lang='lat' dir='ltr'>turpe</span> <span class='ocrx_word' id='word_1_122' title='bbox 833 699 889 733; x_wconf 85' lang='lat' dir='ltr'>sit,</span> <span class='ocrx_word' id='word_1_123' title='bbox 909 706 937 727; x_wconf 91' lang='lat' dir='ltr'>et</span> <span class='ocrx_word' id='word_1_124' title='bbox 952 705 1047 727; x_wconf 85' lang='lat' dir='ltr'>utrum</span> <span class='ocrx_word' id='word_1_125' title='bbox 1061 699 1132 726; x_wconf 90' lang='lat' dir='ltr'>utile</span> <span class='ocrx_word' id='word_1_126' title='bbox 1145 707 1179 727; x_wconf 83' lang='lat' dir='ltr'>an</span> <span class='ocrx_word' id='word_1_127' title='bbox 1189 699 1315 734; x_wconf 81' lang='lat' dir='ltr'>inutile,</span> <span class='ocrx_word' id='word_1_128' title='bbox 1333 698 1543 726; x_wconf 81' lang='lat' dir='ltr'>deliberandum</span> <span class='ocrx_word' id='word_1_129' title='bbox 1562 707 1624 728; x_wconf 88' lang='lat' dir='ltr'>esse</span> <span class='ocrx_word' id='word_1_130' title='bbox 1635 707 1690 736; x_wconf 79' lang='lat' dir='ltr'>pu·</span> 
     </span>
     <span class='ocr_line' id='line_1_12' title="bbox 174 749 1690 786; baseline 0.001 -8"><span class='ocrx_word' id='word_1_131' title='bbox 174 755 236 784; x_wconf 74' lang='lat' dir='ltr'>tat,</span> <span class='ocrx_word' id='word_1_132' title='bbox 259 757 357 778; x_wconf 88' lang='lat' dir='ltr'>verum</span> <span class='ocrx_word' id='word_1_133' title='bbox 375 749 459 777; x_wconf 90' lang='lat' dir='ltr'>etiam</span> <span class='ocrx_word' id='word_1_134' title='bbox 477 749 592 778; x_wconf 85' lang='lat' dir='ltr'>duobus</span> <span class='ocrx_word' id='word_1_135' title='bbox 605 749 765 785; x_wconf 87' lang='lat' dir='ltr'>propositis</span> <span class='ocrx_word' id='word_1_136' title='bbox 788 749 918 778; x_wconf 85' lang='lat' dir='ltr'>honestis</span> <span class='ocrx_word' id='word_1_137' title='bbox 935 755 1034 777; x_wconf 85' lang='lat' dir='ltr'>utrum</span> <span class='ocrx_word' id='word_1_138' title='bbox 1056 749 1228 785; x_wconf 64' lang='lat' dir='ltr'>honestiusg,</span> <span class='ocrx_word' id='word_1_139' title='bbox 1250 749 1376 784; x_wconf 82' lang='lat' dir='ltr'><strong>itemque</strong></span> <span class='ocrx_word' id='word_1_140' title='bbox 1393 750 1507 778; x_wconf 88' lang='lat' dir='ltr'>duobus</span> <span class='ocrx_word' id='word_1_141' title='bbox 1526 749 1690 786; x_wconf 73' lang='lat' dir='ltr'>propositIs</span> 
     </span>
     <span class='ocr_line' id='line_1_13' title="bbox 173 799 1690 837; baseline 0 -7"><span class='ocrx_word' id='word_1_142' title='bbox 173 800 296 830; x_wconf 90' lang='lat' dir='ltr'>utilibus</span> <span class='ocrx_word' id='word_1_143' title='bbox 307 821 317 835; x_wconf 85' lang='lat'>‚</span> <span class='ocrx_word' id='word_1_144' title='bbox 342 806 437 828; x_wconf 85' lang='lat' dir='ltr'>utrum</span> <span class='ocrx_word' id='word_1_145' title='bbox 453 799 566 829; x_wconf 87' lang='lat' dir='ltr'>utilius.</span> <span class='ocrx_word' id='word_1_146' title='bbox 608 801 663 829; x_wconf 87' lang='lat' dir='ltr'>Sed</span> <span class='ocrx_word' id='word_1_147' title='bbox 680 801 747 829; x_wconf 84' lang='lat' dir='ltr'>haec</span> <span class='ocrx_word' id='word_1_148' title='bbox 762 801 906 830; x_wconf 78' lang='lat' dir='ltr'>Ciceronis</span> <span class='ocrx_word' id='word_1_149' title='bbox 917 800 1099 837; x_wconf 85' lang='lat' dir='ltr'>reprehensio</span> <span class='ocrx_word' id='word_1_150' title='bbox 1114 808 1173 829; x_wconf 82' lang='lat' dir='ltr'>non</span> <span class='ocrx_word' id='word_1_151' title='bbox 1187 806 1296 829; x_wconf 84' lang='lat' dir='ltr'>tanturn</span> <span class='ocrx_word' id='word_1_152' title='bbox 1307 800 1456 834; x_wconf 83' lang='lat' dir='ltr'>excusari,</span> <span class='ocrx_word' id='word_1_153' title='bbox 1478 801 1527 828; x_wconf 85' lang='lat' dir='ltr'>sed</span> <span class='ocrx_word' id='word_1_154' title='bbox 1546 801 1627 829; x_wconf 86' lang='lat' dir='ltr'>etiam</span> <span class='ocrx_word' id='word_1_155' title='bbox 1640 801 1690 830; x_wconf 82' lang='lat' dir='ltr'>de-</span> 
     </span>
     <span class='ocr_line' id='line_1_14' title="bbox 173 851 1690 889; baseline 0.001 -9"><span class='ocrx_word' id='word_1_156' title='bbox 173 851 274 887; x_wconf 84' lang='lat' dir='ltr'>fendi,</span> <span class='ocrx_word' id='word_1_157' title='bbox 290 857 398 888; x_wconf 84' lang='lat' dir='ltr'>potest.</span> <span class='ocrx_word' id='word_1_158' title='bbox 429 851 517 889; x_wconf 88' lang='lat' dir='ltr'><strong>Quod</strong></span> <span class='ocrx_word' id='word_1_159' title='bbox 534 851 607 880; x_wconf 86' lang='lat' dir='ltr'>enim</span> <span class='ocrx_word' id='word_1_160' title='bbox 618 873 629 888; x_wconf 85' lang='lat'>‚</span> <span class='ocrx_word' id='word_1_161' title='bbox 646 853 670 881; x_wconf 89' lang='lat' dir='ltr'>si</span> <span class='ocrx_word' id='word_1_162' title='bbox 691 854 776 881; x_wconf 85' lang='lat' dir='ltr'>semel</span> <span class='ocrx_word' id='word_1_163' title='bbox 784 852 945 881; x_wconf 74' lang='lat' dir='ltr'>Panaetius</span> <span class='ocrx_word' id='word_1_164' title='bbox 965 852 1041 881; x_wconf 86' lang='lat' dir='ltr'>illam</span> <span class='ocrx_word' id='word_1_165' title='bbox 1055 851 1221 881; x_wconf 84' lang='lat' dir='ltr'>Officiorum</span> <span class='ocrx_word' id='word_1_166' title='bbox 1236 851 1477 888; x_wconf 79' lang='lat' dir='ltr'>comparationem</span> <span class='ocrx_word' id='word_1_167' title='bbox 1493 852 1690 888; x_wconf 83' lang='lat' dir='ltr'>suscepisset,</span> 
     </span>
     <span class='ocr_line' id='line_1_15' title="bbox 172 902 1688 940; baseline 0 -8"><span class='ocrx_word' id='word_1_168' title='bbox 172 903 241 937; x_wconf 84' lang='lat' dir='ltr'>haee</span> <span class='ocrx_word' id='word_1_169' title='bbox 259 910 364 932; x_wconf 82' lang='lat' dir='ltr'>tantam</span> <span class='ocrx_word' id='word_1_170' title='bbox 380 904 574 939; x_wconf 81' lang='lat' dir='ltr'>exemplorum</span> <span class='ocrx_word' id='word_1_171' title='bbox 597 903 809 935; x_wconf 84' lang='lat' dir='ltr'><strong>multitudinem</strong></span> <span class='ocrx_word' id='word_1_172' title='bbox 825 910 852 938; x_wconf 78' lang='lat' dir='ltr'>et</span> <span class='ocrx_word' id='word_1_173' title='bbox 873 903 1036 932; x_wconf 82' lang='lat' dir='ltr'>varietatem</span> <span class='ocrx_word' id='word_1_174' title='bbox 1057 903 1226 938; x_wconf 83' lang='lat' dir='ltr'>adtulisset,</span> <span class='ocrx_word' id='word_1_175' title='bbox 1249 910 1282 931; x_wconf 91' lang='lat' dir='ltr'>ut</span> <span class='ocrx_word' id='word_1_176' title='bbox 1299 903 1333 931; x_wconf 90' lang='lat' dir='ltr'>ab</span> <span class='ocrx_word' id='word_1_177' title='bbox 1358 902 1492 931; x_wconf 82' lang='lat' dir='ltr'>instituto</span> <span class='ocrx_word' id='word_1_178' title='bbox 1512 911 1567 931; x_wconf 90' lang='lat' dir='ltr'>suo</span> <span class='ocrx_word' id='word_1_179' title='bbox 1584 904 1620 932; x_wconf 84' lang='lat' dir='ltr'><strong>ad</strong></span> <span class='ocrx_word' id='word_1_180' title='bbox 1635 913 1688 940; x_wconf 84' lang='lat' dir='ltr'>po-</span> 
     </span>
     <span class='ocr_line' id='line_1_16' title="bbox 173 954 1688 992; baseline 0.001 -10"><span class='ocrx_word' id='word_1_181' title='bbox 173 955 301 992; x_wconf 81' lang='lat' dir='ltr'>pularem</span> <span class='ocrx_word' id='word_1_182' title='bbox 318 954 593 983; x_wconf 85' lang='lat' dir='ltr'>commendationem</span> <span class='ocrx_word' id='word_1_183' title='bbox 610 956 827 984; x_wconf 81' lang='lat' dir='ltr'>accommodato</span> <span class='ocrx_word' id='word_1_184' title='bbox 841 955 1012 990; x_wconf 78' lang='lat' dir='ltr'>aberrasset,</span> <span class='ocrx_word' id='word_1_185' title='bbox 1026 961 1054 983; x_wconf 82' lang='lat' dir='ltr'>et</span> <span class='ocrx_word' id='word_1_186' title='bbox 1068 954 1098 983; x_wconf 89' lang='lat' dir='ltr'>in</span> <span class='ocrx_word' id='word_1_187' title='bbox 1113 954 1252 983; x_wconf 81' lang='lat' dir='ltr'>infinitam</span> <span class='ocrx_word' id='word_1_188' title='bbox 1267 954 1474 991; x_wconf 85' lang='lat' dir='ltr'>longitudinem</span> <span class='ocrx_word' id='word_1_189' title='bbox 1491 954 1688 991; x_wconf 87' lang='lat' dir='ltr'><strong>deduceretur,</strong></span> 
     </span>
     <span class='ocr_line' id='line_1_17' title="bbox 173 1004 1689 1044; baseline 0 -9"><span class='ocrx_word' id='word_1_190' title='bbox 173 1013 202 1035; x_wconf 88' lang='lat' dir='ltr'>et</span> <span class='ocrx_word' id='word_1_191' title='bbox 225 1005 294 1034; x_wconf 84' lang='lat' dir='ltr'>satis</span> <span class='ocrx_word' id='word_1_192' title='bbox 309 1013 367 1035; x_wconf 86' lang='lat' dir='ltr'>erat</span> <span class='ocrx_word' id='word_1_193' title='bbox 391 1006 416 1034; x_wconf 93' lang='lat' dir='ltr'>ei</span> <span class='ocrx_word' id='word_1_194' title='bbox 436 1006 578 1042; x_wconf 83' lang='lat' dir='ltr'>principia</span> <span class='ocrx_word' id='word_1_195' title='bbox 603 1006 738 1043; x_wconf 87' lang='lat' dir='ltr'>posuisse</span> <span class='ocrx_word' id='word_1_196' title='bbox 762 1008 855 1044; x_wconf 85' lang='lat'>(16).</span> <span class='ocrx_word' id='word_1_197' title='bbox 895 1006 1077 1044; x_wconf 82' lang='lat' dir='ltr'>Quamquam</span> <span class='ocrx_word' id='word_1_198' title='bbox 1106 1005 1205 1034; x_wconf 80' lang='lat' dir='ltr'>Cicero</span> <span class='ocrx_word' id='word_1_199' title='bbox 1233 1006 1300 1033; x_wconf 88' lang='lat' dir='ltr'>haec</span> <span class='ocrx_word' id='word_1_200' title='bbox 1323 1006 1381 1033; x_wconf 89' lang='lat' dir='ltr'>duo</span> <span class='ocrx_word' id='word_1_201' title='bbox 1407 1013 1423 1034; x_wconf 86' lang='lat' dir='ltr'>a</span> <span class='ocrx_word' id='word_1_202' title='bbox 1444 1004 1588 1034; x_wconf 76' lang='lat' dir='ltr'>Panaetio</span> <span class='ocrx_word' id='word_1_203' title='bbox 1608 1014 1689 1042; x_wconf 83' lang='lat' dir='ltr'>prae·</span> 
     </span>
     <span class='ocr_line' id='line_1_18' title="bbox 167 1057 1690 1095; baseline 0 -9"><span class='ocrx_word' id='word_1_204' title='bbox 167 1059 304 1088; x_wconf 78' lang='lat' dir='ltr'>termissa</span> <span class='ocrx_word' id='word_1_205' title='bbox 325 1065 425 1095; x_wconf 85' lang='lat' dir='ltr'>genera</span> <span class='ocrx_word' id='word_1_206' title='bbox 447 1057 574 1093; x_wconf 86' lang='lat' dir='ltr'><strong>addidit,</strong></span> <span class='ocrx_word' id='word_1_207' title='bbox 594 1060 629 1087; x_wconf 87' lang='lat' dir='ltr'><strong>ad</strong></span> <span class='ocrx_word' id='word_1_208' title='bbox 652 1059 712 1088; x_wconf 89' lang='lat' dir='ltr'>duo</span> <span class='ocrx_word' id='word_1_209' title='bbox 734 1064 828 1088; x_wconf 82' lang='lat' dir='ltr'>tamen</span> <span class='ocrx_word' id='word_1_210' title='bbox 850 1059 899 1088; x_wconf 89' lang='lat' dir='ltr'>illa</span> <span class='ocrx_word' id='word_1_211' title='bbox 920 1059 1050 1095; x_wconf 87' lang='lat' dir='ltr'>quinque</span> <span class='ocrx_word' id='word_1_212' title='bbox 1071 1066 1171 1094; x_wconf 86' lang='lat' dir='ltr'>genera</span> <span class='ocrx_word' id='word_1_213' title='bbox 1192 1064 1324 1092; x_wconf 81' lang='lat' dir='ltr'>revocat,</span> <span class='ocrx_word' id='word_1_214' title='bbox 1351 1057 1387 1085; x_wconf 92' lang='lat' dir='ltr'><strong>ad</strong></span> <span class='ocrx_word' id='word_1_215' title='bbox 1409 1057 1581 1086; x_wconf 76' lang='lat' dir='ltr'>honestatem</span> <span class='ocrx_word' id='word_1_216' title='bbox 1606 1063 1633 1086; x_wconf 87' lang='lat' dir='ltr'>et</span> <span class='ocrx_word' id='word_1_217' title='bbox 1654 1057 1690 1086; x_wconf 77' lang='lat' dir='ltr'><strong>ad</strong></span> 
     </span>
     <span class='ocr_line' id='line_1_19' title="bbox 172 1107 1688 1147; baseline -0.001 -8"><span class='ocrx_word' id='word_1_218' title='bbox 172 1111 354 1145; x_wconf 74' lang='lat' dir='ltr'>utilitatem,</span> <span class='ocrx_word' id='word_1_219' title='bbox 376 1109 484 1145; x_wconf 91' lang='lat' dir='ltr'>quibus</span> <span class='ocrx_word' id='word_1_220' title='bbox 506 1117 591 1138; x_wconf 89' lang='lat' dir='ltr'>unam</span> <span class='ocrx_word' id='word_1_221' title='bbox 617 1110 723 1139; x_wconf 86' lang='lat' dir='ltr'><strong>addidit</strong></span> <span class='ocrx_word' id='word_1_222' title='bbox 748 1110 972 1147; x_wconf 85' lang='lat' dir='ltr'>disputationem</span> <span class='ocrx_word' id='word_1_223' title='bbox 997 1111 1031 1139; x_wconf 88' lang='lat' dir='ltr'>de</span> <span class='ocrx_word' id='word_1_224' title='bbox 1051 1109 1202 1138; x_wconf 77' lang='lat' dir='ltr'>collisione</span> <span class='ocrx_word' id='word_1_225' title='bbox 1224 1107 1385 1137; x_wconf 81' lang='lat' dir='ltr'>honestatis</span> <span class='ocrx_word' id='word_1_226' title='bbox 1406 1114 1438 1136; x_wconf 78' lang='lat' dir='ltr'>et</span> <span class='ocrx_word' id='word_1_227' title='bbox 1462 1107 1607 1137; x_wconf 79' lang='lat' dir='ltr'>utilitatis.</span> <span class='ocrx_word' id='word_1_228' title='bbox 1647 1108 1688 1138; x_wconf 75' lang='lat' dir='ltr'>Et</span> 
     </span>
     <span class='ocr_line' id='line_1_20' title="bbox 172 1160 1690 1199; baseline -0.001 -8"><span class='ocrx_word' id='word_1_229' title='bbox 172 1162 204 1191; x_wconf 86' lang='lat' dir='ltr'>in</span> <span class='ocrx_word' id='word_1_230' title='bbox 223 1162 321 1190; x_wconf 89' lang='lat' dir='ltr'>Primo</span> <span class='ocrx_word' id='word_1_231' title='bbox 345 1160 420 1189; x_wconf 89' lang='lat' dir='ltr'>libro</span> <span class='ocrx_word' id='word_1_232' title='bbox 446 1161 561 1197; x_wconf 86' lang='lat' dir='ltr'>quidem</span> <span class='ocrx_word' id='word_1_233' title='bbox 581 1161 759 1191; x_wconf 85' lang='lat' dir='ltr'>honestatem</span> <span class='ocrx_word' id='word_1_234' title='bbox 779 1162 979 1199; x_wconf 72' lang='lat' dir='ltr'>persequitur,</span> <span class='ocrx_word' id='word_1_235' title='bbox 1001 1169 1068 1190; x_wconf 83' lang='lat' dir='ltr'>cum</span> <span class='ocrx_word' id='word_1_236' title='bbox 1087 1161 1233 1189; x_wconf 74' lang='lat' dir='ltr'>deliberari</span> <span class='ocrx_word' id='word_1_237' title='bbox 1256 1160 1347 1189; x_wconf 86' lang='lat' dir='ltr'>soleat</span> <span class='ocrx_word' id='word_1_238' title='bbox 1361 1168 1421 1188; x_wconf 89' lang='lat' dir='ltr'>non</span> <span class='ocrx_word' id='word_1_239' title='bbox 1438 1165 1570 1195; x_wconf 87' lang='lat' dir='ltr'>tantum,</span> <span class='ocrx_word' id='word_1_240' title='bbox 1591 1165 1690 1189; x_wconf 85' lang='lat' dir='ltr'>utrum</span> 
     </span>
     <span class='ocr_line' id='line_1_21' title="bbox 173 1210 1688 1250; baseline -0.001 -8"><span class='ocrx_word' id='word_1_241' title='bbox 173 1213 327 1242; x_wconf 85' lang='lat' dir='ltr'>honestum</span> <span class='ocrx_word' id='word_1_242' title='bbox 349 1221 385 1241; x_wconf 91' lang='lat' dir='ltr'>an</span> <span class='ocrx_word' id='word_1_243' title='bbox 404 1219 489 1249; x_wconf 85' lang='lat' dir='ltr'>turpe</span> <span class='ocrx_word' id='word_1_244' title='bbox 513 1213 569 1249; x_wconf 77' lang='lat' dir='ltr'>sit3</span> <span class='ocrx_word' id='word_1_245' title='bbox 591 1214 641 1242; x_wconf 89' lang='lat' dir='ltr'>sed</span> <span class='ocrx_word' id='word_1_246' title='bbox 661 1214 743 1249; x_wconf 81' lang='lat' dir='ltr'>etiam</span> <span class='ocrx_word' id='word_1_247' title='bbox 775 1213 892 1243; x_wconf 89' lang='lat' dir='ltr'>duobus</span> <span class='ocrx_word' id='word_1_248' title='bbox 915 1213 1076 1250; x_wconf 89' lang='lat' dir='ltr'>propositis</span> <span class='ocrx_word' id='word_1_249' title='bbox 1099 1212 1249 1247; x_wconf 86' lang='lat' dir='ltr'>honestis,</span> <span class='ocrx_word' id='word_1_250' title='bbox 1277 1218 1373 1240; x_wconf 87' lang='lat' dir='ltr'>utrum</span> <span class='ocrx_word' id='word_1_251' title='bbox 1395 1210 1558 1240; x_wconf 84' lang='lat' dir='ltr'>honestius.</span> <span class='ocrx_word' id='word_1_252' title='bbox 1597 1211 1630 1240; x_wconf 87' lang='lat' dir='ltr'>In</span> <span class='ocrx_word' id='word_1_253' title='bbox 1651 1210 1688 1240; x_wconf 87' lang='lat' dir='ltr'>li·-</span> 
     </span>
     <span class='ocr_line' id='line_1_22' title="bbox 172 1262 1689 1302; baseline 0 -10"><span class='ocrx_word' id='word_1_254' title='bbox 172 1264 226 1293; x_wconf 85' lang='lat' dir='ltr'>bro</span> <span class='ocrx_word' id='word_1_255' title='bbox 249 1264 290 1292; x_wconf 76' lang='grc' dir='ltr'>11Ο</span> <span class='ocrx_word' id='word_1_256' title='bbox 311 1265 374 1300; x_wconf 84' lang='lat' dir='ltr'>pari</span> <span class='ocrx_word' id='word_1_257' title='bbox 396 1264 506 1294; x_wconf 86' lang='lat' dir='ltr'>ratione</span> <span class='ocrx_word' id='word_1_258' title='bbox 536 1264 596 1301; x_wconf 84' lang='lat' dir='ltr'>agit</span> <span class='ocrx_word' id='word_1_259' title='bbox 622 1266 657 1294; x_wconf 77' lang='lat' dir='ltr'>de</span> <span class='ocrx_word' id='word_1_260' title='bbox 680 1265 765 1302; x_wconf 80' lang='lat' dir='ltr'>utili3</span> <span class='ocrx_word' id='word_1_261' title='bbox 794 1271 822 1295; x_wconf 88' lang='lat' dir='ltr'>et</span> <span class='ocrx_word' id='word_1_262' title='bbox 847 1265 970 1302; x_wconf 85' lang='lat' dir='ltr'>denique</span> <span class='ocrx_word' id='word_1_263' title='bbox 996 1265 1027 1294; x_wconf 87' lang='lat' dir='ltr'>in</span> <span class='ocrx_word' id='word_1_264' title='bbox 1053 1263 1109 1293; x_wconf 81' lang='lat'><strong>1110</strong></span> <span class='ocrx_word' id='word_1_265' title='bbox 1133 1263 1208 1293; x_wconf 90' lang='lat' dir='ltr'>libro</span> <span class='ocrx_word' id='word_1_266' title='bbox 1237 1263 1391 1293; x_wconf 84' lang='lat' dir='ltr'>honestum</span> <span class='ocrx_word' id='word_1_267' title='bbox 1417 1271 1484 1292; x_wconf 88' lang='lat' dir='ltr'>cum</span> <span class='ocrx_word' id='word_1_268' title='bbox 1515 1262 1581 1292; x_wconf 81' lang='lat' dir='ltr'>utili</span> <span class='ocrx_word' id='word_1_269' title='bbox 1607 1270 1689 1292; x_wconf 84' lang='lat' dir='ltr'>com-</span> 
     </span>
    </p>
   </div>
   <div class='ocr_carea' id='block_1_3' title="bbox 169 1316 370 1353">
    <p class='ocr_par' dir='ltr' id='par_1_3' title="bbox 169 1316 370 1353">
     <span class='ocr_line' id='line_1_23' title="bbox 169 1316 370 1353; baseline -0.005 -9"><span class='ocrx_word' id='word_1_270' title='bbox 169 1321 251 1353; x_wconf 80' lang='lat' dir='ltr'>parat</span> <span class='ocrx_word' id='word_1_271' title='bbox 275 1319 290 1352; x_wconf 75' lang='lat'>(</span> <span class='ocrx_word' id='word_1_272' title='bbox 302 1316 370 1352; x_wconf 87' lang='lat'>17).</span> 
     </span>
    </p>
   </div>
   <div class='ocr_carea' id='block_1_4' title="bbox 197 1414 1238 1570">
    <p class='ocr_par' dir='ltr' id='par_1_4' title="bbox 197 1414 468 1449">
     <span class='ocr_line' id='line_1_24' title="bbox 197 1414 468 1449; baseline 0 -11"><span class='ocrx_word' id='word_1_273' title='bbox 197 1417 263 1449; x_wconf 79' lang='lat'>(¹4)</span> <span class='ocrx_word' id='word_1_274' title='bbox 279 1416 311 1438; x_wconf 80' lang='lat' dir='ltr'>De</span> <span class='ocrx_word' id='word_1_275' title='bbox 325 1414 368 1443; x_wconf 65' lang='lat' dir='ltr'>Off:</span> <span class='ocrx_word' id='word_1_276' title='bbox 384 1415 427 1443; x_wconf 83' lang='lat'>111.</span> <span class='ocrx_word' id='word_1_277' title='bbox 444 1421 468 1438; x_wconf 67' lang='grc' dir='ltr'>α.</span> 
     </span>
    </p>

    <p class='ocr_par' dir='ltr' id='par_1_5' title="bbox 201 1456 935 1486">
     <span class='ocr_line' id='line_1_25' title="bbox 201 1456 935 1486; baseline 0.001 -7"><span class='ocrx_word' id='word_1_278' title='bbox 201 1456 264 1484; x_wconf 76' lang='grc'>(15)</span> <span class='ocrx_word' id='word_1_279' title='bbox 280 1457 312 1479; x_wconf 79' lang='lat' dir='ltr'>De</span> <span class='ocrx_word' id='word_1_280' title='bbox 327 1457 370 1484; x_wconf 64' lang='lat' dir='ltr'>Off:</span> <span class='ocrx_word' id='word_1_281' title='bbox 388 1456 436 1483; x_wconf 84' lang='grc' dir='ltr'>ΠΙ,</span> <span class='ocrx_word' id='word_1_282' title='bbox 451 1461 474 1482; x_wconf 84' lang='lat'>7·</span> <span class='ocrx_word' id='word_1_283' title='bbox 504 1457 542 1480; x_wconf 75' lang='lat' dir='ltr'>Cf·</span> <span class='ocrx_word' id='word_1_284' title='bbox 562 1464 602 1480; x_wconf 79' lang='lat' dir='ltr'>van</span> <span class='ocrx_word' id='word_1_285' title='bbox 615 1457 714 1485; x_wconf 74' lang='lat' dir='ltr'>Lyndan,</span> <span class='ocrx_word' id='word_1_286' title='bbox 730 1457 786 1481; x_wconf 71' lang='lat' dir='ltr'><em>Du&#39;ss.</em></span> <span class='ocrx_word' id='word_1_287' title='bbox 800 1458 839 1480; x_wconf 79' lang='lat' dir='ltr'>er‘t.</span> <span class='ocrx_word' id='word_1_288' title='bbox 859 1465 884 1486; x_wconf 82' lang='lat' dir='ltr'>p.</span> <span class='ocrx_word' id='word_1_289' title='bbox 900 1458 935 1483; x_wconf 74' lang='grc'>85-</span> 
     </span>
    </p>

    <p class='ocr_par' dir='ltr' id='par_1_6' title="bbox 199 1497 1238 1570">
     <span class='ocr_line' id='line_1_26' title="bbox 199 1497 1238 1527; baseline 0 -6"><span class='ocrx_word' id='word_1_290' title='bbox 199 1499 261 1524; x_wconf 78' lang='lat'><strong>(16)</strong></span> <span class='ocrx_word' id='word_1_291' title='bbox 276 1499 334 1521; x_wconf 71' lang='lat' dir='ltr'>cm.</span> <span class='ocrx_word' id='word_1_292' title='bbox 347 1497 465 1525; x_wconf 75' lang='lat' dir='ltr'>calcagnin.</span> <span class='ocrx_word' id='word_1_293' title='bbox 486 1498 550 1526; x_wconf 83' lang='lat' dir='ltr'>Disq.</span> <span class='ocrx_word' id='word_1_294' title='bbox 565 1499 603 1520; x_wconf 87' lang='lat'>111.</span> <span class='ocrx_word' id='word_1_295' title='bbox 624 1507 649 1527; x_wconf 83' lang='lat' dir='ltr'>p.</span> <span class='ocrx_word' id='word_1_296' title='bbox 666 1505 705 1527; x_wconf 86' lang='lat'>¹97</span> <span class='ocrx_word' id='word_1_297' title='bbox 720 1506 754 1527; x_wconf 85' lang='lat' dir='ltr'>sq.</span> <span class='ocrx_word' id='word_1_298' title='bbox 785 1501 828 1521; x_wconf 83' lang='lat' dir='ltr'>Vau</span> <span class='ocrx_word' id='word_1_299' title='bbox 843 1500 941 1527; x_wconf 72' lang='lat' dir='ltr'>Lyndcn,</span> <span class='ocrx_word' id='word_1_300' title='bbox 956 1499 1013 1521; x_wconf 73' lang='lat' dir='ltr'>Diu.</span> <span class='ocrx_word' id='word_1_301' title='bbox 1029 1498 1083 1521; x_wconf 76' lang='lat' dir='ltr'>laud.</span> <span class='ocrx_word' id='word_1_302' title='bbox 1106 1504 1130 1526; x_wconf 80' lang='lat' dir='ltr'>p.</span> <span class='ocrx_word' id='word_1_303' title='bbox 1145 1502 1187 1524; x_wconf 66' lang='grc' dir='ltr'>τοι</span> <span class='ocrx_word' id='word_1_304' title='bbox 1202 1504 1238 1527; x_wconf 71' lang='lat' dir='ltr'>sq.</span> 
     </span>
     <span class='ocr_line' id='line_1_27' title="bbox 200 1539 1204 1570; baseline -0.003 -6"><span class='ocrx_word' id='word_1_305' title='bbox 200 1541 264 1570; x_wconf 78' lang='lat'>(17)</span> <span class='ocrx_word' id='word_1_306' title='bbox 278 1541 316 1564; x_wconf 83' lang='lat' dir='ltr'>cf.</span> <span class='ocrx_word' id='word_1_307' title='bbox 334 1540 403 1562; x_wconf 71' lang='lat' dir='ltr'>Gom</span> <span class='ocrx_word' id='word_1_308' title='bbox 416 1540 482 1563; x_wconf 74' lang='lat' dir='ltr'>dnm.</span> <span class='ocrx_word' id='word_1_309' title='bbox 497 1545 536 1564; x_wconf 82' lang='lat' dir='ltr'>m.</span> <span class='ocrx_word' id='word_1_310' title='bbox 561 1541 628 1564; x_wconf 89' lang='lat' dir='ltr'>Tom.</span> <span class='ocrx_word' id='word_1_311' title='bbox 643 1541 671 1565; x_wconf 88' lang='lat'>11.</span> <span class='ocrx_word' id='word_1_312' title='bbox 690 1549 714 1570; x_wconf 78' lang='lat' dir='ltr'>p.</span> <span class='ocrx_word' id='word_1_313' title='bbox 727 1547 771 1570; x_wconf 78' lang='lat'>42,</span> <span class='ocrx_word' id='word_1_314' title='bbox 786 1542 825 1564; x_wconf 86' lang='lat' dir='ltr'>ubi</span> <span class='ocrx_word' id='word_1_315' title='bbox 840 1542 868 1564; x_wconf 83' lang='lat' dir='ltr'><strong>de</strong></span> <span class='ocrx_word' id='word_1_316' title='bbox 882 1542 924 1564; x_wconf 81' lang='lat' dir='ltr'>hac</span> <span class='ocrx_word' id='word_1_317' title='bbox 937 1541 1051 1563; x_wconf 76' lang='lat' dir='ltr'>divisione</span> <span class='ocrx_word' id='word_1_318' title='bbox 1069 1539 1204 1568; x_wconf 68' lang='lat' dir='ltr'>disputatur.</span> 
     </span>
    </p>
   </div>
   <div class='ocr_carea' id='block_1_5' title="bbox 1542 2014 1685 2047">
    <p class='ocr_par' dir='ltr' id='par_1_7' title="bbox 1542 2014 1685 2047">
     <span class='ocr_line' id='line_1_28' title="bbox 1542 2014 1685 2047; baseline -0.014 0"><span class='ocrx_word' id='word_1_319' title='bbox 1542 2014 1685 2047; x_wconf 83' lang='lat' dir='ltr'>CAPUT</span> 
     </span>
    </p>
   </div>
  </div>
 </body>
</html>
