1913 2427
328 123 368 160 18'
555 125 587 155 F.
633 133 730 155 vAN
776 132 862 153 nen
905 117 1418 163 BREGGEN,coniv‚
1463 126 1556 155 1110'

325 219 409 250 inter
441 227 474 249 se
503 215 756 260 conjunxerunt,
788 221 824 246 ut
860 223 971 246 verum
999 220 1259 256 cognosceretur3
1281 214 1351 246 Viri
1376 213 1422 245 issi
1444 213 1691 258 ‘prudentior-es,
1716 226 1789 250 non

325 274 508 317 conjectura}
538 273 684 311 audaces,
706 278 757 303 aut
785 278 900 302 temere
929 269 1129 309 festinantes,
1151 281 1210 302 nec
1233 270 1302 302 solo
1327 270 1484 302 desiderio
1513 273 1574 303 acti
1600 280 1694 316 atque
1721 281 1791 306 stu--

326 332 381 363 dio
415 330 594 375 repetendi,
623 327 711 372 quod
747 326 799 358 alii
830 327 961 369 jamjam
992 326 1214 366 observ-§rann
1235 327 1324 364 Viri,
1353 327 1500 367 tandem,
1521 335 1696 362 structurae
1716 341 1789 362 cor·-
1837 365 1841 371 ,

326 389 413 432 poris
447 394 478 418 et
509 386 682 429 organismi
714 384 757 414 ita
780 383 944 427 peritiores
959 406 969 422 ‚
993 390 1150 426 quantum
1175 383 1304 427 quidem
1331 394 1391 427 pro
1416 384 1636 416 modulatione
1664 386 1788 429 ingenii

324 451 380 475 aut
413 443 534 474 ratione
569 441 719 485 temporIS
749 440 925 482 comparari
950 440 1073 483 potuit:
1099 440 1132 471 hi
1158 451 1270 472 omnes
1294 441 1378 472 viam
1403 441 1485 472 hanc
1510 442 1630 484 regiam
1655 442 1789 486 ingressi

325 506 412 531 sunt.
466 501 548 531 Cum
584 497 654 530 luce
663 512 681 539 ,v
700 507 805 540 *quam
826 495 1055 535 accenderunt,
1080 507 1202 529 novum
1229 497 1325 529 simul
1345 497 1519 529 medicinae
1544 498 1690 530 studium
1715 509 1790 542 ape.

325 562 482 594 ruerunt,
503 555 637 598 ejusque
660 553 823 585 scientiam
847 551 1036 592 firmfirunt,
1061 554 1207 597 quamvis
1231 553 1271 585 ad
1299 563 1456 585 summam
1475 554 1701 598 perfectionem
1719 566 1789 598 per-

323 612 440 643 ducere
466 621 633 655 nunquam
671 611 706 641 in
735 616 841 641 mente
869 609 1048 644 habuerint.
1093 612 1295 642 Documento
1322 610 1387 641 sint
1411 612 1527 654 scripta
1549 610 1679 642 illorum
1706 610 1791 643 bene

322 668 442 704 mulia,
474 678 554 711 quae
586 667 637 699 vel
671 666 888 709 experimenta
914 672 946 697 et
977 673 1164 709 argumenta
1192 667 1359 698 continent
1388 667 1520 697 maximi
1543 667 1655 710 pretii,
1677 678 1735 711 per
1756 677 1791 700 se

324 725 456 768 quidem
482 734 569 762 vera,
594 734 611 754 a
632 723 760 754 nemine
782 729 966 765 oppugnata
981 746 990 762 ,
1013 722 1158 767 nullique
1182 723 1323 755 cedenda
1351 723 1509 766 tempori,
1532 724 1686 766 quoniam
1702 731 1791 756 natu·

324 791 378 812 rae
407 781 508 823 magis
542 790 638 823 quam
666 779 844 821 ‚hominum
865 777 957 810 ess'ata
980 778 1107 826 dixeris.
1151 782 1241 821 Quae
1267 780 1354 823 apud
1378 790 1433 811 eos
1460 779 1543 810 clara
1570 786 1602 810 et
1626 780 1793 824 perspicua

325 837 471 876 fuerunt,
502 847 558 879 per
594 836 709 879 viginti
735 842 767 867 et
793 841 874 878 quot
907 835 1030 866 excedit
1061 836 1202 877 saecula,
1225 836 1363 868 tenebris
1385 836 1597 879 hypotheticis
1625 835 1716 868 facile
1733 836 1792 868 ob-

327 894 447 925 scurari
473 899 665 936 potuerunt,
689 902 857 935 nunquam
882 902 961 923 vero
978 891 1180 934 splendorem
1203 903 1298 925 suum
1321 893 1516 930 amiserunt,
1541 899 1636 935 atque
1657 904 1695 924 ex
1713 893 1792 936 ipsis

323 950 462 981 tenebris
498 960 615 980 novam
636 948 740 980 lucem
763 948 953 983 elicuerunt.
996 948 1114 988 Multi,
1136 960 1155 980 e
1181 948 1288 981 schol&
1311 948 1420 980 nostra
1444 950 1553 980 aetatis
1583 949 1788 991 posterioris,

321 1005 454 1036 audaces
490 1004 620 1048 quidem
660 1004 790 1036 fuerunt
825 1005 860 1036 in
887 1005 1144 1036 contaminandis
1173 1005 1303 1036 illorum
1325 1003 1530 1043 nominibus,
1553 1003 1792 1047 omnibusque,

321 1061 379 1104 qui
403 1072 420 1092 a
446 1068 534 1104 parte
559 1062 760 1105 Hippocratis
780 1067 958 1101 steterunt,
980 1061 1176 1100 tarditatem,
1198 1061 1422 1104 ignaviamque
1439 1060 1644 1103 objecerunt3
1665 1061 1791 1105 quippe

319 1118 377 1160 qui
402 1117 534 1156 doceat,
555 1118 767 1162 exspectando
787 1129 916 1156 curare,
939 1124 970 1149 et
993 1128 1163 1160 generosos
1182 1128 1404 1161 quoscumque
1429 1117 1469 1148 ad
1486 1123 1584 1148 artem
1607 1117 1702 1148 novis
1719 1124 1792 1149 ten·

319 1173 495 1205 taminibus
524 1174 782 1217 amplificandam
812 1181 946 1206 conatus
977 1173 1141 1206 retuderit.
1187 1173 1284 1214 Quod
1305 1180 1411 1205 autem
1440 1173 1479 1204 ad
1502 1176 1631 1205 Veteres
1657 1174 1792 1214 attinet,

319 1229 414 1261 laude
444 1229 560 1273 dignos
595 1231 721 1273 potius,
754 1242 852 1274 quam
890 1230 1048 1262 derisione
1079 1236 1114 1261 et
1140 1221 1309 1261 calumniis
1337 1230 1408 1262 illos
1434 1230 1622 1272 judicarem.
1666 1232 1791 1262 Testem

318 1286 370 1318 hic
392 1285 549 1329 appellare
565 1287 644 1317 mihi
662 1286 755 1318 liceat
778 1294 1032 1331 praeceptorem,
1055 1297 1113 1317 nec
1133 1297 1199 1318 non
1226 1287 1363 1318 amicum
1381 1284 1641 1324 dilectissimum,
1666 1297 1791 1318 »ΔΒΑ-

319 1351 491 1374 pistum:
522 1355 538 1371 α
558 1342 699 1375 Imbellis
726 1353 802 1387 ergo
839 1344 907 1386 (*)
941 1342 1013 1385 (ita
1039 1341 1209 1386 loquitur)
1232 1343 1253 1374 ὁ
1275 1343 1376 1375 boni!
1400 1344 1599 1386 Hippocratis
1621 1341 1787 1374 Medicina

319 1411 333 1426 a
356 1405 422 1438 est,
451 1409 533 1442 quae
564 1399 686 1431 morbis
719 1400 869 1431 extremis
899 1405 1039 1430 extrema
1076 1399 1214 1431 remedia
1244 1399 1387 1439 adhibet,
1410 1410 1493 1443 quae
1517 1398 1683 1430 materiem
1704 1399 1790 1430 noci-

319 1467 333 1483 α
355 1465 445 1493 vam,
475 1454 515 1486 ad
538 1456 661 1487 exitum
685 1463 844 1499 paratam,
867 1455 959 1486 nullo
987 1466 1055 1486 non
1086 1451 1206 1488 morbiv
1222 1463 1363 1500 tempore
1390 1455 1565 1493 subtrahit,
1588 1465 1669 1498 quae
1691 1454 1791 1498 dejec-

319 1524 334 1540 ι
356 1513 475 1549 tiones,
500 1522 568 1543 non
597 1513 705 1556 copia,
735 1512 791 1544 sed
815 1512 950 1543 utilitate
972 1511 1134 1550 aestimat,
1159 1513 1302 1556 adeoque
1325 1524 1385 1544 nec
1410 1512 1599 1554 sanguinem
1625 1510 1665 1542 ad
1684 1512 1785 1543 animi

317 1579 333 1596 ι
354 1567 531 1611 deliquium
553 1567 738 1608 effundere,
762 1580 820 1600 nee
845 1569 1010 1602 mochlicis
1037 1570 1180 1613 corporis
1204 1568 1364 1612 profunda
1383 1579 1525 1606 verrere,
1548 1578 1616 1599 non
1639 1566 1787 1599 reformi-

320 1636 336 1652 α
358 1624 432 1655 dat?
453 1627 611 1668 Ignavum
641 1625 739 1668 igitur
761 1625 922 1657 Medicum
943 1627 1054 1670 agebat
1080 1638 1125 1658 sr
1139 1636 1388 1663 nnnnnvtus,
1410 1635 1512 1668 quum
1536 1623 1678 1655 febribus
1696 1624 1787 1655 inter·

320 1692 337 1709 ι
357 1681 573 1721 mittentibus,
593 1682 689 1714 etiam
713 1682 843 1726 quando
864 1684 1092 1717 continuarum
1120 1683 1231 1715 faciem
1245 1692 1320 1726 prae
1336 1692 1370 1714 se
1387 1680 1548 1721 serebant,
1567 1680 1663 1711 etiam
1685 1691 1788 1724 quan-

430 1739 433 1743 .
1742 1736 1791 1774 do

355 1878 420 1914 (*)
439 1877 480 1909 N.
501 1878 686 1912 PARADvs
698 1904 709 1918 ‚
731 1883 835 1912 Oratio
852 1885 886 1914 dc
906 1885 1068 1923 cognitione
1093 1884 1232 1913 historias
1252 1883 1429 1918 medicinae,
1452 1890 1555 1918 magno
1572 1890 1637 1909 cum
1655 1878 1699 1908 ad
1718 1878 1787 1907 Mc-

314 1930 375 1959 cici
395 1931 426 1957 in
444 1935 510 1958 arte
527 1933 685 1963 exercenda
706 1936 872 1972 solertiam,
896 1942 956 1966 tum
980 1935 1022 1965 ad
1042 1937 1118 1965 artis
1143 1934 1417 1974 amplificationem,
1438 1933 1624 1969 adiumento,
1646 1938 1713 1968 pag.
1735 1939 1782 1966 23.
