1913 2427
311 122 790 160 DISSERTATIO
855 120 1403 159 PHILOSQ·;PHICA.
1573 128 1633 172 49'

108 235 133 252 ‚‚
153 215 242 245 homo
262 214 320 249 sit,
340 215 506 243 consultum
521 212 610 249 velit,
630 219 745 242 necesse
759 216 819 245 est„
841 209 998 242 Secundum
1019 210 1286 241 eamdem.nanuatn
1307 212 1435 241 omnium
1459 213 1612 244 utilitatem

106 287 131 303 „
153 275 216 295 esse
231 273 430 295 communem:
453 265 533 302 quod
548 267 574 293 si
588 265 628 294 ita
642 271 705 300 est,
727 270 784 291 una
799 261 981 290 continemur
997 269 1115 296 ornnes,
1135 268 1164 289 et
1186 263 1279 291 eadem
1301 264 1361 300 lege
1380 271 1496 293 naturae
1516 266 1614 302 prohi-
1630 291 1632 294 ,

103 337 130 354 „
151 318 267 346 bemur:
289 325 385 346 verum
406 322 498 345 autem
515 316 655 352 primum:
678 322 775 344 verum
801 313 890 350 igitur
905 319 932 340 et
954 313 1150 342 extremum.’'
1171 314 1232 351 (de
1249 314 1307 351 Off.
1326 315 1366 343 111
1394 324 1422 351 5.
1445 317 1501 353 6.)
1543 338 1560 353 ‚‚
1581 318 1614 351 si

104 388 128 405 ‚,
149 368 216 404 quis
231 368 371 403 voluerit,
389 367 474 397 animi
492 367 537 396 sui
550 367 748 403 complicatam
762 365 909 394 notionem
927 366 1076 400 evolvere,
1094 366 1152 402 jam
1166 374 1196 395 se
1212 366 1276 401 ipse
1292 367 1411 401 doceat,
1439 375 1502 396 eum
1519 368 1612 398 virum

106 439 133 456 „
152 419 263 448 bonum
283 427 366 455 esse,
386 419 437 454 qui
454 419 564 456 prosit,
586 418 692 454 quibus
711 417 822 453 possit,
845 422 946 445 noceat
966 416 1092 452 nemini,
1113 418 1169 446 nisi
1186 418 1339 447 lacessitus
1365 419 1480 454 injuria.
1492 419 1524 447 .’'—
1542 421 1611 456 (ib.

100 479 130 499 c.
147 479 181 508 19
201 472 216 508 )
254 471 299 500 Ex
312 471 362 499 illo
380 471 468 507 igitur
487 470 699 500 benevolentiae
714 468 816 504 fonte,
837 476 896 496 non
919 473 1029 496 tanturn
1054 468 1158 497 nemini
1183 469 1303 498 nocendi
1335 470 1460 498 officium
1482 479 1613 508 emanat,

102 522 152 553 sed
174 522 273 557 etiam,
293 528 328 550 ut
344 531 429 558 quam
444 522 575 558 plurituis
588 521 734 558 prosimus
746 541 756 555 ‚
776 527 865 556 atque
878 519 960 548 etiam
982 519 1136 557 ignotis-ea
1152 521 1246 550 officia
1267 521 1473 557 praebeamus,
1501 543 1525 558 „
1541 526 1612 558 quae

100 590 125 607 ,‚
145 577 218 600 sunt
237 572 351 609 generis
372 573 452 609 ejus,
476 574 556 609 quod
578 571 612 600 ab
634 572 731 601 Ennio
748 571 875 608 positum
899 571 928 600 in
950 579 1005 600 una
1026 580 1074 607 re,
1096 571 1242 600 transferri
1265 572 1295 603 in
1318 573 1474 609 permultas
1497 578 1608 610 potest:
1630 598 1633 601 .

306 644 325 659 ‚‚
349 623 452 659 homo,
470 626 529 662 qui
544 624 662 655 erranti
680 624 800 653 comiter
820 630 963 652 monstrat
981 626 1081 660 viam,
1114 638 1116 640 ·

313 692 332 711 5,
351 674 448 713 Quasi
466 675 561 704 lumen
579 676 614 705 dc
633 685 682 704 suo
703 675 809 704 lumine
827 675 958 704 accendit
971 696 980 710 ,
995 675 1097 712 facit,

310 745 329 761 ,‚
349 727 548 756 Nihilominus
568 729 625 766 ipsi
645 728 740 762 lucet,
761 737 824 756 cum
844 728 892 756 illi
913 726 1088 756 accenderit,

133 797 162 813 „
181 777 247 806 Una
264 785 297 806 ex
316 785 345 806 re
373 778 442 807 satis
464 778 620 814 praecipit,
647 784 699 813 ut,
724 778 865 813 quidquid
887 779 949 807 sine
972 780 1142 810 detrimento
1174 781 1270 816 possit
1291 781 1488 817 commodati,
1511 782 1538 811 id
1561 782 1612 812 tri-

99 848 124 864 „
143 827 250 857 buatur
279 829 324 857 vel
353 829 464 865 ignoto.
511 829 556 858 Ex
581 838 641 864 quo
670 835 739 857 sunt
765 829 813 857 illa
835 831 1027 867 communia,
1058 840 1117 860 non
1148 832 1300 869 prohibere
1329 841 1431 868 aquam
1464 833 1610 869 profluen-

100 900 124 916 „
145 886 223 915 tem,
255 880 312 916 pati
346 881 380 909 ab
415 881 479 918 igne
507 880 600 917 ignem
620 888 744 917 capere,
773 880 800 909 si
821 881 888 916 quis
917 882 1005 910 velit:
1034 883 1188 922 consilium
1219 883 1300 912 fidele
1326 885 1507 912 deliberanti·
1526 885 1609 921 dare,

99 947 126 963 „
144 937 216 965 quae
245 937 315 960 sunt
341 931 377 960 iis
404 932 507 967 utilia,
537 933 586 968 qui
610 932 781 968 accipiunt,
810 932 889 961 danti
917 941 977 961 non
997 934 1131 962 molesta:
1161 942 1247 969 quare
1270 941 1298 962 et
1321 935 1366 963 his
1389 936 1526 964 utendum
1547 942 1632 972 est„

98 999 123 1014 „
143 986 172 1008 et
194 989 306 1017 semper
331 983 441 1018 aliquid
470 984 506 1012 ad
532 992 713 1013 communem
739 983 891 1014 utilitatem
923 984 1108 1013 afferendum.
1125 984 1144 996 '’
1172 985 1230 1021 (de
1258 985 1334 1023 Offlc.
1358 986 1379 1015 Ι.
1408 987 1482 1024 16.)
1531 987 1621 1017 Gum-

96 1029 194 1066 imque
214 1040 346 1068 constet,
374 1054 398 1068 „
413 1042 497 1063 unam
527 1044 588 1064 esse
613 1034 763 1063 hominum
785 1035 857 1063 inter
874 1035 957 1071 ipsos
978 1035 1093 1064 vivendi
1115 1043 1228 1072 parem,
1258 1044 1497 1072 communemque
1525 1038 1613 1068 ratio-

96 1100 123 1117 „
144 1088 225 1118 nem,
246 1083 347 1113 deinde
367 1092 465 1115 omnes
490 1087 564 1116 inter
586 1094 617 1115 se
649 1085 773 1115 naturali
801 1087 920 1122 quadam
947 1085 1123 1122 indulgentia
1147 1093 1174 1115 et
1197 1088 1409 1123 benevolentia,
1440 1094 1502 1117 tum
1526 1089 1610 1119 etiam

96 1151 120 1167 ,‚
140 1133 278 1163 societate
300 1136 409 1172 juris-f
421 1137 608 1174 contineri,'’
630 1137 685 1174 (de
701 1137 792 1174 chg.
812 1136 835 1166 Ι.
860 1138 933 1174 13.)
953 1145 1020 1173 „ex
1038 1145 1071 1166 eo
1093 1139 1286 1175 perspicitur,
1308 1147 1374 1167 cum
1391 1139 1464 1168 hanc
1487 1139 1612 1170 benevo-

92 1202 120 1219 „
140 1184 254 1214 lentiam
277 1192 333 1215 tam
358 1188 412 1216 late
436 1190 577 1226 longeque
598 1188 732 1218 diffusam
754 1188 800 1216 vir
813 1188 929 1224 sapiens
951 1187 981 1216 in
1003 1187 1128 1223 aliquem
1151 1190 1214 1225 pari
1235 1190 1342 1219 virtute
1367 1191 1524 1227 praeditum
1541 1201 1611 1222 con-

95 1253 121 1270 „
140 1236 258 1272 tulerit,
281 1244 341 1267 tum
357 1239 431 1268 illud
450 1240 540 1276 effici,
563 1240 642 1277 quod
662 1239 838 1276 quibusdam
861 1239 1030 1268 incredibile
1051 1239 1200 1276 videatur,
1221 1241 1261 1269 sit
1277 1247 1370 1270 autem
1395 1242 1627 1279 necessarium„

5 1300 8 1352 Ι
93 1304 120 1322 ‚,
140 1293 174 1314 ut
202 1287 296 1317 nihilo
312 1298 376 1319 sese
397 1292 483 1327 plus,
509 1300 596 1328 quam
619 1291 759 1325 alterum,
780 1290 891 1326 diligat.
926 1288 1008 1327 Quid
1029 1295 1072 1319 est
1096 1289 1187 1326 enim,
1212 1292 1293 1327 quod
1311 1292 1440 1328 differat,
1463 1301 1529 1322 cum
1552 1294 1612 1324 sint

0 1361 7 1391 Ι,
94 1356 120 1373 „
141 1345 245 1367 cuncta
266 1341 363 1376 paria?
404 1342 520 1380 Quodsi
537 1343 673 1372 interesse
703 1341 853 1378 quippiam
877 1341 1021 1369 tantulum
1044 1341 1131 1370 modo
1158 1343 1304 1378 potuerit,
1324 1344 1380 1380 J'am
1403 1344 1542 1374 amicitiae
1560 1354 1626 1375 κιο-,-

0 1385 8 1424 'fl
94 1407 120 1426 ,‚
141 1397 206 1418 men
228 1391 382 1422 occideritz
403 1394 488 1431 cujus
505 1401 548 1423 est
572 1402 603 1422 ea
622 1386 668 1422 vis
692 1399 725 1421 ut
749 1393 925 1428 simulatque
944 1391 1000 1420 sibi
1019 1391 1128 1428 aliquid
1151 1401 1236 1429 quam
1261 1394 1341 1421 alteri
1363 1395 1510 1430 maluerit,
1531 1397 1611 1425 nulla

0 1455 2 1473 ι
97 1458 120 1475 „
145 1440 222 1469 sit-’⁹
244 1442 338 1479 (ibid.
361 1452 389 1472 c.
414 1447 482 1482 12.)
528 1445 623 1482 Quam
655 1442 799 1480 profunde
824 1443 898 1471 enim
929 1442 1127 1471 benevolentia
1158 1449 1185 1471 et
1214 1443 1316 1472 caritas
1346 1445 1466 1474 aliorum
1497 1446 1609 1476 homini

0 1502 8 1531 ‚q
95 1489 182 1519 insita
203 1491 261 1528 sit,
286 1501 320 1522 ex
342 1495 467 1524 amicitia
490 1496 615 1533 perspici
641 1501 754 1531 potest:
787 1514 805 1528 ‚‚
826 1501 898 1529 quae
920 1493 993 1533 nihil
1010 1493 1087 1521 aliud
1107 1500 1168 1528 est,
1198 1494 1254 1522 nisi
1277 1495 1405 1524 omnium
1427 1497 1625 1534 divinarum,-

0 1531 7 1562 *i
96 1559 116 1578 „
136 1542 382 1582 humanarumque
404 1555 495 1576 rerum
518 1555 583 1575 cum
605 1545 803 1576 benevolentia
819 1550 845 1572 et
866 1543 983 1572 caritate
1003 1552 1113 1572 summa
1137 1545 1341 1581 consensio‚”
1366 1546 1424 1583 (de
1437 1547 1531 1577 Amic.
1551 1549 1609 1586 6.)

0 1589 9 1624 ,ἱ
91 1601 227 1630 quaeque
247 1602 323 1624 certe
343 1605 400 1626 non
429 1606 601 1635 magnopere
620 1597 689 1625 adeo
713 1596 827 1633 vigere,
850 1595 942 1630 adque
964 1600 1075 1623 tanturn
1100 1595 1205 1624 amoris
1226 1602 1254 1624 et
1271 1604 1432 1626 consensus
1457 1598 1625 1635 fastigium.

91 1644 173 1673 evehi
201 1646 231 1675 in
263 1647 377 1676 homine
399 1649 520 1685 possit,
546 1649 604 1678 nisi
635 1646 852 1685 conjunctionis
883 1651 910 1674 et
938 1651 1052 1673 mutuae
1083 1645 1296 1676 benevolentiae
1326 1649 1433 1678 semina
1461 1659 1476 1679 a
1509 1657 1609 1680 natura

7 1691 9 1738 j}
92 1695 150 1732 iam
177 1705 275 1733 sparsa
297 1706 402 1728 essent.
442 1701 542 1736 ltaque
563 1709 596 1729 ex
615 1700 687 1734 hac,
709 1706 780 1734 quae
803 1698 832 1726 in
855 1696 980 1726 amicitia
998 1696 1098 1731 floret,
1120 1696 1235 1725 caritate
1260 1706 1341 1727 aucta
1363 1705 1391 1728 et
1416 1700 1472 1729 fere
1497 1702 1609 1738 perfec-

93 1751 140 1782 ιι,
161 1746 354 1785 intelligatur,
376 1760 514 1786 quaenam
541 1752 666 1789 ejusdem
690 1750 719 1778 in
745 1748 860 1777 homine
884 1747 978 1776 adsint
998 1746 1101 1775 initia?
1125 1766 1143 1782 „
1157 1747 1271 1785 Quodsi
1290 1751 1427 1780 exemeris
1449 1761 1482 1781 ex
1506 1760 1619 1785 natura.

97 1817 116 1833 „
136 1805 227 1827 rerum
245 1800 457 1830 benevolentiae
479 1802 731 1840 conjunctionem,
753 1808 804 1829 nec
825 1799 930 1827 domus
954 1797 1032 1832 ulla,
1057 1805 1109 1826 nec
1134 1798 1211 1827 urbs·
1236 1806 1310 1828 stare
1337 1803 1462 1839 poterit,
1490 1812 1525 1832 ne
1547 1805 1608 1841 agri

97 1867 117 1884 ,
135 1848 249 1884 quidem
268 1852 366 1881 cultus
388 1847 580 1889 permanebit:
608 1854 638 1882 id
656 1853 681 1882 si
705 1851 800 1880 minus
816 1848 1006 1885 intelligitur,
1032 1854 1138 1883 quanta
1156 1849 1200 1877 vis
1226 1851 1365 1880 amicitiae
1380 1855 1608 1891 concordiaeque

97 1917 117 1935 ,
137 1899 193 1935 sit,
214 1909 246 1930 tx
267 1902 499 1934 di-scnsionibus
520 1912 607 1941 atque
627 1903 779 1934 discordiis
795 1899 906 1938 percipi
927 1904 1037 1935 potest.
1054 1920 1055 1923 η
1078 1898 1169 1936 Quae
1185 1901 1259 1931 enlm
1279 1903 1382 1932 domus
1402 1910 1457 1933 tam
1473 1906 1605 1941 stabilis,

89 1964 115 1986 .
133 1958 205 1986 qtae
222 1959 276 1981 tam
293 1953 370 1983 firma
385 1954 486 1985 civitas
501 1963 563 1993 est,
583 1964 655 1993 quae
667 1963 725 1985 non
738 1952 813 1984 odiis
827 1958 914 1986 atque
933 1948 1060 1987 dissidiis
1079 1948 1214 1985 funditus
1230 1954 1324 1990 possit
1343 1955 1453 1985 everti?
1474 1965 1508 1984 ex
1523 1965 1604 1992 quo,

861 2000 890 2031 G
1477 2026 1497 2043 ‚,
1517 2015 1606 2042 quan-
