1913 2427
171 147 223 178 π·
417 111 1435 173 ῈΗΑΝοῑεοϊΒῙΝΚΕε

168 233 254 267 ,ι-ἰειε,
275 239 340 260 cum
363 230 461 259 ardore
482 227 682 262 commendat,
703 232 730 254 et
752 222 1007 264 splendidissimum
1024 229 1109 252 vocat
1131 223 1266 262 Officium.
1287 224 1344 262 (Ι,
1368 226 1437 263 18.)
1476 224 1553 256 Haec
1575 226 1688 265 vii-tun

178 293 262 321 quam
286 282 501 312 consideratam
515 279 716 319 periculorum
738 278 940 314 susceptionem
958 281 986 303 et
1009 275 1138 304 laborum
1158 278 1364 314 perpessionem
1383 279 1603 314 nuncupat.(de
1621 279 1688 310 Ima

176 337 225 372 ΙΙ,
247 337 319 372 54.)
355 341 469 363 constat
494 341 528 361 ex
551 331 637 361 animi
661 328 765 358 excelsi
786 334 872 364 atque
896 326 998 355 invicti
1021 327 1217 364 magnitudine
1239 333 1266 355 et
1289 327 1474 356 humanarum
1500 337 1592 358 rerum
1620 339 1690 360 con.

177 389 314 417 temtione
328 387 343 423 (
355 395 387 423 37
399 387 424 424 ).
463 386 552 413 Stoici
567 382 764 412 fortitudinem
798 378 932 408 dicebant
951 378 1083 407 virtutem
1103 385 1330 415 propugnantem
1347 387 1399 415 pro
1415 380 1566 415 aequitate.
1604 381 1688 411 Hand
1724 395 1727 398 ·

174 440 272 469 laudat
289 437 484 467 definitionem
507 436 625 470 Cicero,
651 433 719 470 quia
741 431 828 462 animi
853 430 958 464 elatio,
987 437 1059 465 quae
1090 429 1216 458 cernitur
1246 429 1276 458 in
1309 427 1456 458 laboribus
1481 436 1508 458 et
1531 430 1689 468 periculis,

178 492 202 521 si
219 491 333 529 justitia
357 496 457 525 vacet,
478 493 645 525 pugnetque
665 493 724 514 non
743 493 796 521 pro
818 483 911 511 salute
932 480 1098 515 communi,
1119 481 1168 509 sed
1190 489 1242 516 pro
1264 480 1325 509 suis
1346 481 1488 517 cujusque
1510 483 1688 520 commodis,

178 544 209 572 in
227 543 299 571 vitio
322 547 376 570 est.
417 541 518 569 Fortes
535 539 609 567 enim
631 544 701 567 sunt
719 543 746 565 et
769 535 938 572 magnanimi
961 534 1101 569 habendi,
1128 542 1188 562 non
1208 534 1258 569 qui
1281 533 1413 569 faciunt,
1434 534 1484 562 sed
1506 535 1554 570 qui
1569 535 1693 571 propuli

177 600 261 629 sant,
291 592 441 630 injuriam:
463 598 585 626 veraque
604 589 690 619 animi
716 588 884 625 magnitudo
909 594 968 616 non
993 585 1022 614 in
1047 585 1154 622 gloria,
1175 585 1275 614 sedin
1299 584 1405 621 factis,
1431 592 1474 614 est
1501 586 1608 622 posita.
1631 586 1690 623 (1,

177 647 234 680 18,
255 646 328 682 sq.)
1687 649 1690 652 ·

187 715 189 718 .
215 697 328 725 Fortem
351 695 477 724 animum
499 701 526 723 et
552 701 685 730 magnum
710 693 822 721 duabus
841 691 870 720 in
892 691 979 720 rebus
1002 690 1079 719 cerni
1100 690 1170 718 dicit
1192 689 1319 717 Tullius:
1348 689 1439 725 pritna
1464 695 1507 718 est
1530 697 1622 718 rerum
1643 697 1692 719 ex-

177 752 320 776 ternarum
343 746 547 782 despicientia:
578 745 663 773 altera
683 743 779 778 actio,
813 751 878 774 cum
913 744 952 772 ita
978 743 1017 772 sit
1044 742 1138 770 animo
1167 741 1286 770 affectus
1315 742 1420 777 homo,
1448 749 1480 770 ut
1506 751 1550 772 res
1578 743 1693 778 quidem

178 807 294 836 magnas
320 804 397 835 gerat
429 804 456 826 et
478 796 675 831 utilissimas,
703 796 754 824 sed
788 795 871 824 etiam
901 786 1124 828 valdearduas,
1156 792 1312 828 plenasque
1338 793 1469 821 laborum
1500 799 1527 821 et
1557 791 1692 830 periculi&

179 851 289 879 Harum
312 857 405 877 rerum
430 848 612 885 splendorem
646 855 758 876 omnem
789 853 817 875 et
846 846 1058 882 amplitudinem
1078 865 1088 880 ,
1116 850 1143 871 et
1175 844 1346 880 utilitatem,
1379 844 1409 873 in
1440 844 1600 881 posterIOre
1628 852 1693 874 esse

177 902 269 931 dicit:
291 908 422 930 caussam
443 906 535 928 autem
547 920 557 934 ,
583 904 610 926 et
625 898 760 926 rationem
776 897 940 926 efficientem
957 904 1074 932 magnos
1090 895 1187 930 viros,
1209 896 1238 923 in
1254 895 1359 931 priore.
1403 895 1479 924 Haec
1495 896 1607 924 duabus
1623 901 1695 925 sunt

176 953 310 983 caussis:
333 953 428 981 solum
445 939 629 980 honestatem*
639 950 746 978 bonum
765 948 911 986 judicare,
936 954 964 976 et
984 948 1018 976 ab
1039 948 1117 975 omni
1140 946 1225 974 animi
1245 947 1455 982 perturbatione
1475 946 1596 975 liberum
1618 954 1693 977 esse.

178 1005 250 1034 Post
271 1004 348 1033 varia
377 1003 504 1038 monita,
531 1001 689 1030 secundum
721 1009 792 1036 quae
814 1001 877 1030 viro
902 998 973 1028 forti
999 999 1139 1035 agendum
1169 1004 1228 1033 est,
1256 997 1479 1027 fructuosiorem
1513 1005 1575 1026 esse
1599 997 1694 1027 homi·

176 1064 248 1085 *num
272 1055 383 1093 generi,
413 1054 447 1082 ad
465 1053 622 1082 claritatem
650 1051 926 1088 amplitudinemque
947 1050 1084 1086 aptiorem
1106 1058 1188 1085 esse,
1218 1049 1365 1077 contendit
1393 1050 1480 1078 vitam
1499 1057 1618 1086 eorum,
1643 1049 1695 1085 qui

179 1116 213 1136 se
231 1107 266 1136 ad
291 1106 434 1143 rempubl.
463 1111 490 1134 et
511 1113 555 1133 res
581 1112 697 1141 magnas
720 1104 854 1140 gerendas
877 1101 1176 1136 accommodaverant,
1199 1108 1284 1136 quam
1303 1101 1475 1130 otiosiorum
1498 1100 1599 1130 vitam.
1638 1101 1695 1130 Es·

179 1167 214 1187 se
235 1165 328 1187 autem
352 1158 447 1195 magni
470 1157 575 1192 animi,
603 1162 630 1185 et
656 1155 747 1184 fuisse
771 1156 880 1184 multos
908 1154 991 1182 etiam
1015 1153 1044 1181 in
1072 1153 1131 1181 vita
1154 1153 1266 1188 otiosa,
1295 1152 1345 1188 qui
1367 1159 1415 1181 aut
1441 1173 1459 1188 ,‚
1473 1152 1698 1189 investigarent,

185 1230 205 1246 „
224 1218 274 1239 aut
299 1215 471 1240 conarentur
496 1216 596 1245 magna
616 1208 771 1243 quaedam,
797 1214 923 1242 >seseque
948 1213 1063 1234 suarum
1090 1212 1179 1232 rerum
1204 1202 1313 1232 finibus
1339 1204 1534 1233 continerent:
1561 1210 1627 1239 aut,
1654 1204 1698 1233 in-

181 1282 205 1298 „
224 1262 335 1298 terjecti
358 1261 431 1290 inter
454 1259 650 1297 philosophos
667 1264 694 1286 et
710 1266 779 1294 eos,
799 1257 849 1293 qui
865 1256 1007 1294 rempubl.
1029 1255 1275 1290 administrarent,
1302 1255 1506 1284 delectarentur
1527 1263 1556 1284 re
1580 1263 1632 1283 sua
1654 1254 1697 1283 fa-

182 1332 203 1348 „
222 1311 346 1347 miliari,
371 1319 431 1340 non
458 1319 517 1338 eam
543 1310 654 1345 quidem
678 1308 756 1337 omni
785 1309 893 1337 ratione
914 1314 1134 1344 exaggerantes,
1166 1315 1258 1342 neque
1280 1306 1460 1336 excludentes
1491 1307 1525 1334 ab
1555 1306 1615 1343 ejus
1640 1313 1697 1334 usu

180 1385 203 1399 „
223 1371 312 1391 suos:
339 1361 497 1398 potiusque
519 1367 547 1389 et
575 1359 673 1388 amicis
705 1359 926 1394 impertientes,
956 1364 983 1385 et
1012 1357 1131 1393 reipubl.
1165 1357 1190 1385 si
1220 1357 1335 1391 quando
1361 1365 1431 1385 usus
1460 1362 1535 1385 esset
1567 1356 1626 1393 (38
1638 1355 1695 1392 ).”

180 1415 241 1450 lis,
265 1413 317 1449 qui
337 1413 442 1441 habent
466 1421 482 1440 a
504 1418 604 1440 natura
631 1411 792 1446 adjumenta
816 1417 908 1437 rerum
934 1408 1137 1445 gerendarum,
1166 1407 1274 1444 abjecta
1303 1407 1381 1435 omni
1412 1407 1614 1441 cunctatione,
1639 1406 1699 1435 adi-

181 1465 337 1503 piscendos
360 1463 565 1499 magistratus,
594 1467 621 1490 et
642 1461 790 1497 gerendam
816 1468 906 1495 remp.
937 1467 998 1487 esse
1020 1458 1102 1486 dicit.
1144 1457 1183 1487 Iis
1213 1457 1453 1494 magnificentiam
1486 1464 1514 1486 et
1539 1457 1698 1494 despicien-

182 1517 252 1545 tiam
280 1514 466 1544 adhibendam
491 1522 555 1542 esse
581 1521 674 1540 rerum
704 1512 910 1545 humanarum,
943 1517 970 1538 et
999 1509 1233 1544 tranquillitatem
1258 1508 1344 1537 animi
1367 1514 1395 1537 et
1417 1509 1609 1537 securitatem.
1649 1508 1697 1537 Ne
1733 1499 1737 1502 ”

179 1574 277 1596 tamen
302 1567 431 1595 videatur
455 1572 554 1593 omncs
586 1563 756 1599 promiscue·
779 1562 949 1597 compellare
973 1561 1008 1589 ad
1039 1569 1096 1588 rem
1121 1561 1288 1596 gerendam,
1319 1567 1435 1595 monet,
1465 1568 1523 1589 non
1548 1561 1635 1589 modo
1658 1559 1698 1588 rei

178 1607 377 1652 honestatem,
407 1616 455 1645 sed
478 1623 505 1644 et
528 1614 664 1644 efficiendi
694 1613 877 1648 facultatem,
908 1621 970 1640 esse
1004 1612 1185 1648 spectandam
1203 1632 1213 1647 ,
1243 1617 1271 1640 et
1301 1611 1375 1640 nihil
1406 1618 1509 1640 temere
1537 1611 1701 1647 suscipien-

177 1670 250 1698 dum
275 1669 335 1706 (39
344 1670 372 1707 >-

351 1710 354 1713 '
1623 1699 1701 1729 Cum

209 1783 276 1812 (³7)
289 1782 384 1811 Saepius
403 1783 462 1808 apud
476 1783 588 1804 cit-eranam
607 1780 674 1804 animi
693 1780 783 1803 celsitas
798 1787 820 1803 et
841 1780 953 1802 Fortitudo
974 1785 1024 1801 cum
1045 1784 1119 1801 rerum
1139 1779 1288 1800 humanarum
1308 1777 1464 1801 contemtione
1481 1777 1614 1804 jungunturx
1638 1783 1662 1800 ea
1674 1783 1698 1804 ς.

180 1826 240 1847 Ίυκ.
255 1830 331 1851 quaen.
347 1825 390 1850 lV,
409 1830 444 1846 Μ.
475 1824 520 1851 Off.
537 1823 583 1850 111,
600 1828 634 1849 27.

215 1866 281 1894 (58)
299 1866 371 1886 Verba
385 1871 436 1886 sunt
450 1866 568 1890 cicerum,
583 1864 626 1892 Off.
639 1865 669 1891 -1‚
684 1863 712 1885 26
728 1869 785 1886 cxtr.
815 1863 855 1885 ef.
875 1863 958 1890 eme,
972 1863 1035 1884 Anm.
1057 1864 1073 1885 Ι.
1089 1869 1107 1885 c.
1133 1870 1156 1891 p.
1171 1868 1208 1888 ¹41
1226 1870 1260 1890 sq.
1277 1870 1284 1874 ν

208 1907 274 1934 (³2)
290 1907 321 1928 Da
337 1907 382 1933 Off.
399 1907 422 1933 l,
440 1912 465 1934 ¹9
477 1918 493 1922 -
507 1912 542 1928 αι.
575 1905 705 1933 Comparari
719 1911 811 1933 possunt
828 1911 878 1928 cum
894 1905 937 1932 iis,
950 1911 1006 1932 quae
1021 1905 1043 1926 in
1059 1904 1103 1926 fine
1120 1911 1140 1926 c.
1157 1908 1190 1926 αι.
1209 1909 1286 1926 monet
1298 1902 1382 1929 Cicero,
1403 1909 1429 1925 en
1449 1908 1506 1931 quae
1528 1902 1603 1930 lepide
1622 1902 1700 1930 diepa-

178 1953 216 1973 nt
230 1950 320 1970 Sacram
335 1954 412 1969 contra
427 1949 562 1975 cnutonem,
577 1947 629 1975 qul,
641 1947 737 1974 juvenili
751 1948 831 1970 duetus
844 1947 983 1973 temeritate,
1002 1947 1042 1968 sed
1057 1947 1193 1974 impu-ntus,
1211 1951 1279 1975 remp
1296 1951 1415 1973 capessere
1428 1944 1528 1967 volebat.
1552 1943 1620 1971 (Xan,
1636 1944 1702 1966 Mun·

179 1990 227 2016 [H.
243 1989 265 2011 6.
287 1991 362 2011 Graev.
385 1990 406 2012 b.
422 1990 454 2015 Ι.)
