1913 2427
280 117 335 169 ,6-
685 127 719 157 Ε.
807 125 850 157 A.
938 125 1248 156 Bonae
1290 127 1338 164 R,

279 221 441 252 literarum
469 218 668 257 cathedram,
693 217 927 261 Wyttenbachii
948 218 1064 251 virtute
1088 218 1294 256 illustratam,
1319 216 1373 249 tali
1388 217 1510 249 doctor‘i
1530 217 1662 258 deferri,
1687 219 1752 262 qui

281 276 533 308 excellentissimi
558 276 626 308 Viri
653 276 873 319 praestantiam
892 276 1072 318 suspicione
1096 275 1200 317 aliqua
1225 282 1255 307 et
1273 273 1457 316 conjectura
1480 275 1603 318 assequi
1621 282 1748 318 posset,
1769 306 1772 308 ,

280 343 340 376 ego
378 339 459 364 certe
495 332 563 374 ejus
597 331 804 364 admiratione
842 332 965 363 nemini
1006 343 1058 363 me
1091 332 1200 364 cedere
1233 331 1394 374 profiteor.
1459 330 1558 372 Quod
1587 331 1748 374 reliquum

280 395 345 426 est,
369 389 437 420 Viri
459 388 671 431 Amplissimi,
694 388 776 419 hanc
798 394 946 427 aetatem,
979 387 1036 419 has
1061 388 1163 426 vires,
1194 388 1302 418 omnia
1333 387 1436 419 studia
1463 397 1550 425 mea,
1573 397 1754 430 omnesque-

284 444 406 476 labores
430 444 472 474 ita
499 444 533 474 in
557 443 613 476 has
634 444 761 484 literas,
783 455 920 487 quarum
950 447 1136 487 magistrum
1168 455 1219 475 me
1247 454 1313 476 esse
1344 443 1504 482 voluistis,
1528 441 1688 474 conferam
1704 449 1749 473 at·

283 511 346 543 que
372 498 572 543 impendam,
593 506 647 541 ut,
669 501 696 532 si
714 511 803 544 spem
820 502 963 532 Vestram
980 501 1088 532 minus
1110 500 1296 544 explevero,
1320 499 1517 532 voluntatem
1543 505 1627 531 certe
1645 508 1752 531 meam
1769 506 1772 509 ·

280 562 375 598 atque
399 555 587 587 industriam
613 566 665 588 me
689 553 790 589 Vobis
822 556 1032 599 probaturum
1062 567 1130 589 esse
1153 556 1321 588 confidam.

322 614 388 645 Vos
417 618 541 651 autem,
570 612 735 645 clarissimi
760 613 909 655 Collegae
924 636 934 652 ,
965 624 1039 644 cum
1064 613 1129 655 jam
1157 616 1212 657 p'er
1237 613 1346 645 decem
1369 623 1468 645 annos
1489 607 1643 657 plurimas
1666 613 1750 645 mihi
1772 613 1781 619 ”

280 669 496 711 maximasque
524 668 693 711 singularis
721 675 841 701 vestrae
875 679 949 711 erga
976 679 1028 700 rue
1055 669 1286 701 benivolentiae
1309 669 1558 712 significationes
1585 669 1750 708 dederitis,

281 714 371 755 nune
391 730 424 755 et
446 735 504 755 oro
529 727 617 766 Vos,
639 733 676 757 ut
695 737 746 757 me
776 716 876 757 Vobis
901 725 1159 756 commendatum
1185 725 1301 757 habere
1326 727 1484 769 pergatis,
1507 733 1540 758 et
1563 736 1679 770 magna
1703 735 1757 758 me

280 790 352 823 spes
374 786 476 818 tenet,
498 781 541 813 ita
573 780 658 822 fore,
690 789 728 814 ut
751 769 851 825 peto?
889 784 960 825 Ipsa
983 782 1070 813 enim
1099 792 1151 813 me
1174 781 1338 813 literarum
1360 782 1529 827 disciplina
1550 783 1651 814 Vobis
1675 791 1767 813 con·-

280 836 386 868 ciliare
413 837 530 877 debet,
562 849 698 881 quarum
721 849 803 881 quae
830 840 879 870 vis
911 839 974 878 sit,
1009 838 1098 881 quod
1130 838 1278 882 pondus,
1307 850 1389 882 quae
1417 841 1604 878 auctoritas,
1629 839 1657 871 si
1679 838 1778 881 quis-

281 894 402 928 nescire
429 895 548 937 possit,
571 898 637 927 Vos
667 902 750 927 certe
773 893 906 926 minime
932 895 1106 937 ignoratis,
1139 896 1196 938 qui
1220 895 1320 927 solem
1346 907 1363 927 c
1383 897 1508 929 mundo
1540 896 1608 929 tolli
1634 895 1771 938 judices*

283 949 343 988 tis,
367 950 393 980 si
417 960 456 980 ex
480 949 542 981 illis
561 948 756 992 disciplinis,
786 951 820 982 in
840 951 958 993 quibus
982 951 1146 991 habitatis,
1176 952 1284 984 literae
1317 953 1479 987 tollantur.
1526 957 1591 986 Vos
1619 953 1751 990 saltetu‘,
1777 967 1779 971 ⁴

283 1004 446 1036 clarissimi
454 1005 644 1048 Theologiae
659 1006 870 1045 Professores,
888 1017 1083 1049 quamquam
1100 1019 1168 1039 non
1185 1009 1324 1048 amplius
1345 1010 1488 1047 ejusde-m
1509 1011 1584 1038 artis
1607 1001 1759 1039 societate·

284 1068 322 1091 ac*
333 1058 528 1103 professione
548 1067 710 1099 tenemur,
730 1067 856 1101 tamen,
880 1072 940 1104 pro
962 1063 1129 1093 communi
1154 1069 1266 1094 nostro
1288 1056 1452 1094 literarum
1473 1056 1582 1095 amore
1598 1060 1732 1095 eandem
1742 1064 1757 1102 ‚'

282 1127 346 1159 qua
370 1128 493 1160 semper
517 1112 637 1157 fuistis,
653 1128 728 1160 erga
754 1128 805 1149 me
820 1125 962 1149 mentem
975 1123 1155 1150 retenturos
1178 1128 1265 1157 esse,
1286 1120 1463 1150 certissime
1489 1120 1571 1158 scio,
1593 1126 1688 1163 atque
1710 1120 1760 1151 ita

283 1173 531 1212 existimaturos,
554 1168 611 1217 qui
633 1174 715 1205 nulli
740 1173 843 1206 labori
866 1180 990 1217 parcat,
1013 1185 1080 1218 quo
1101 1165 1338 1215 adolescentes,
1360 1175 1553 1219 Theologiae
1577 1176 1757 1217 studiosos,

284 1229 383 1261 Vobis
402 1241 499 1273 quam
527 1230 706 1263 simillimos
737 1230 867 1269 reddat,
896 1231 1000 1274 iisque
1023 1231 1163 1275 expoliat
1189 1231 1305 1271 literis,
1331 1243 1468 1275 quarum
1492 1232 1623 1265 scientia
1649 1231 1759 1263 laudis

286 1286 413 1317 Vestrae
440 1297 612 1330 permagna
638 1299 710 1331 pars
744 1288 945 1329 continetur,
975 1299 1050 1321 eum
1075 1296 1107 1320 et
1130 1291 1280 1322 Vestrum
1307 1299 1392 1331 esse,
1426 1300 1490 1321 nec
1516 1289 1557 1322 de
1585 1288 1760 1333 disciplina.

285 1343 396 1375 Vestra
418 1345 618 1376 mediocriter
643 1346 767 1378 mereri.

325 1401 394 1442 Ego
417 1400 568 1444 quidem,
592 1404 668 1433 Jane
690 1402 787 1442 Bak'r,
809 1404 866 1435 Vir
888 1404 1071 1436 Clarissime
1084 1428 1093 1444 ‚
1115 1407 1259 1438 muneris
1283 1404 1422 1444 socium,
1444 1405 1502 1449 qui
1517 1406 1561 1436 Te
1583 1403 1665 1435 mihi
1682 1412 1780 1446 gra·vr

283 1454 346 1485 'tior
371 1457 572 1500 optatiorque
595 1465 698 1500 esset,
728 1461 889 1492 neminem
917 1461 1016 1500 mihi,
1049 1473 1090 1493 ne
1113 1463 1196 1494 votis
1221 1461 1355 1505 quidem
1379 1462 1559 1504 conceptis,
1590 1459 1763 1502 obtingere

283 1512 423 1555 potuisse
453 1512 599 1547 arbitror.
655 1515 726 1547 Sive
753 1518 843 1548 enim
867 1524 950 1550 aetas
976 1520 1101 1561 agitur3
1131 1529 1242 1550 sumus
1269 1517 1422 1560 aequales.
1475 1517 1546 1548 Sive
1569 1514 1760 1558 disciplinae·

285 1568 436 1608 societas;
466 1569 506 1601 ab
528 1571 638 1603 eadem
662 1583 774 1605 sumus
795 1574 902 1606 schola
923 1575 1066 1618 profecti.
1114 1576 1186 1607 Sive
1218 1586 1346 1606 morum
1373 1580 1623 1615 naturarumque
1648 1569 1757 1602 simiati-

284 1623 364 1655 1ud0
392 1627 578 1668 quaeritur;
606 1636 639 1660 et
657 1631 707 1661 Tu
741 1630 840 1662 homo
869 1631 950 1663 lenis
975 1642 1009 1664 es
1035 1643 1071 1664 ac
1094 1632 1213 1670 fiacilis,
1238 1643 1297 1663 nec
1325 1642 1385 1674 ego
1410 1629 1584 1661 admodum
1604 1637 1696 1670 asper
1723 1631 1756 1658 et

283 1689 421 1723 pugnax.
474 1685 584 1727 Neque
615 1685 685 1718 fieri
712 1697 806 1730 posse
837 1695 936 1731 puto,
970 1694 1007 1720 ut
1039 1686 1194 1731 umquam
1221 1689 1307 1719 rixae
1340 1685 1463 1728 aliquid
1493 1691 1547 1716 aut
1586 1683 1760 1716 simultatis

286 1735 369 1767 inter
393 1748 452 1770 nos
473 1743 641 1773 exoriatur.
688 1744 720 1774 Si
741 1750 847 1775 autem
877 1743 933 1777 fiet
958 1744 1149 1788 aliquando,
1171 1746 1239 1776 sive
1261 1746 1350 1782 mea,
1371 1745 1439 1775 sive
1463 1744 1530 1774 Tua
1549 1741 1662 1784 culpi,
1684 1739 1754 1783 1³¹³·

287 1791 370 1824 cabit
397 1805 456 1826 uos
486 1797 573 1828 mitis
600 1800 753 1841 sapientia
778 1799 886 1832 Laelii.
944 1800 1067 1841 Quidni
1098 1801 1186 1833 enim
1219 1800 1283 1832 boc
1315 1801 1447 1832 nomine
1467 1801 1512 1831 Te
1539 1797 1754 1842 appellemus,

286 1847 466 1882 llermanne
493 1851 593 1893 Tolli,
614 1856 800 1887 suavissime
822 1867 943 1896 senex,
972 1858 1092 1901 optime
1118 1852 1274 1890 virorum.
1327 1859 1359 1889 Si
1390 1859 1425 1889 in
1449 1868 1515 1900 quo
1538 1856 1620 1895 alio,
1652 1856 1686 1886 in
1710 1855 1770 1892 Ταξ-Δ

287 1911 372 1944 vesse
397 1914 543 1951 apparet,
577 1910 657 1952 quid
685 1912 810 1949 valeant
831 1913 939 1946 literae
963 1914 1004 1947 ad
1032 1914 1243 1947 emolliendos
1275 1923 1389 1947 mores.
1435 1915 1486 1946 Tu
1510 1913 1601 1945 enim
1615 1921 1690 1944 cum
1715 1919 1756 1941 ea
1783 1936 1786 1939 Α

1721 1969 1756 1997 et
