1913 2427
333 141 812 178 DISSERTATto
878 120 1473 178 PliILOSOPH÷;ICA.⁵
1595 145 1641 191 47

113 287 203 316 multa
235 292 329 313 tamen
365 282 458 311 officia
488 289 521 310 ex
551 289 609 309 uno
642 278 787 316 principio
816 277 988 308 hauriuntur
1018 284 1046 306 et
1068 280 1248 313 necessario,
1279 279 1385 315 quibus
1415 282 1533 310 alterum
1567 281 1632 311 fon.

112 344 169 367 tem
193 344 253 365 non
275 335 377 371 aperit.
419 333 518 363 cicero
540 340 628 367 vero,
652 337 756 367 utpote
778 329 822 358 vir
843 333 995 365 πολιτικὸς,
1021 331 1055 360 ad
1074 331 1156 364 illam
1181 331 1293 360 civilem
1320 338 1348 360 et
1374 333 1522 368 politicam
1546 334 1633 365 ratio.

112 397 314 420 nemtomnem
335 387 409 416 inter
430 385 561 414 homines
585 383 818 421 conjunctionem
843 383 962 412 libenter
983 383 1124 419 redigebat
1147 389 1175 411 et
1198 383 1344 420 exigebatg,
1375 392 1408 413 eo
1431 385 1556 421 consilio
1575 393 1630 422 ut,

108 441 142 471 in
168 449 230 477 quo
250 438 369 468 mirifice
392 438 454 474 ipse
477 437 534 466 sibi
557 435 703 472 placebat,
729 435 764 463 ad
787 435 846 472 reip
882 435 1162 470 administrationes,
1189 443 1292 471 resque
1313 436 1444 471 publicas
1462 439 1630 474 gerendas,

109 498 250 529 perpetuo
273 490 429 519 orationem
453 488 593 525 dirigeret.
635 485 771 524 Quibus,
792 494 825 515 ut
846 488 902 518 hoc
926 487 1019 516 obiter
1043 495 1230 523 moneamus,-
1257 487 1353 516 denuo
1377 488 1450 527 ill-ud
1481 489 1634 526 confirma-

109 550 177 579 tur,
200 543 280 579 quod
302 542 332 570 in
353 539 568 577 Prolegomenis
590 539 801 575 explicuimus,
823 538 953 567 studium
978 537 1182 573 Philosophiae
1205 536 1234 565 in
1249 537 1384 568 Cicerone
1398 539 1535 577 originem
1561 548 1630 576 pro-

107 594 169 631 prie
187 594 305 622 duxisse
326 601 360 621 ex
381 591 574 627 Eloquentiae
597 590 694 618 civilis
715 590 833 624 studio,
862 590 898 617 ad
921 597 1005 624 quam
1031 588 1249 625 Philosophiam
1271 597 1393 626 rursus,
1422 591 1472 619 ubi
1495 598 1631 631 poterat,

106 645 262 680 referebat,
283 645 446 682 cujusque,
465 643 495 671 in
520 641 591 677 ipsis
609 641 826 677 Philosophicis
855 640 1074 676 quaestionibus
1102 646 1282 676 occupatus,
1311 649 1370 669 non
1402 641 1488 670 facile
1508 643 1629 672 oblivis-

106 698 252 726 cebatur.'
273 695 473 725 Nihilominus
494 700 590 722 tamen
608 699 704 729 aperte
723 692 794 721 satis
816 700 906 721 unum
930 692 964 721 ab
985 692 1074 720 altero
1098 691 1241 721 secernitzf
1259 692 1338 728 quod
1361 699 1502 728 quatenus
1524 693 1628 735 faeiat,

0 6 1 20 i

0 94 2 115 l

0 171 2 210 Ι

0 211 3 272 ι
117 238 177 271 tia,
197 232 395 264 benevolentia
431 239 532 260 rursus
565 229 724 258 illustratur
746 233 773 255 et
805 226 1021 263 amplificatur,
1051 227 1145 256 addita
1180 227 1408 257 consociationis
1440 230 1632 268 appetitione,

102 749 160 786 jam
183 748 276 784 ipsius
297 747 382 776 verba
403 746 546 775 evincant.
1621 783 1623 786 ι

145 819 165 834 „
184 799 231 827 Fit
251 807 267 827 a
290 804 406 833 natura,
435 804 467 826 ut
491 795 655 826 communis
673 794 822 824 hominum
844 793 918 822 inter
942 793 1073 823 homines
1094 793 1234 823 naturalis
1263 793 1302 822 sit
1334 796 1563 831 commendatio,
1587 803 1620 825 ut

107 871 128 887 „
148 856 279 886 oporteat
301 849 447 878 hominem
473 848 507 876 ab
535 847 669 882 homine,
694 847 730 874 ob
760 846 789 874 id
818 845 916 882 ipsum
943 846 1024 881 quod
1046 845 1133 874 homo
1162 846 1222 880 sit,
1251 854 1311 874 non
1335 847 1457 875 alienum
1479 846 1623 884 videi·i,'’

104 902 165 940 (de
177 902 241 930 Fin.
260 902 315 931 ΙΙΙ.
335 904 404 937 19.)
441 921 459 936 „
480 907 507 928 et
524 901 558 928 ad
579 898 808 936 participandum
824 897 914 925 alium
931 897 965 926 ab
985 897 1042 926 alio
1066 897 1397 933 communicandumque
1425 898 1499 939 inter
1529 888 1629 934 omnes

105 973 126 990 „
148 954 209 991 jus,
229 961 284 982 nos
305 960 406 981 natura
427 960 490 980 esse
509 950 644 980 factos.”
673 950 730 987 (dc
747 950 837 986 Legg.
863 949 887 978 Ι.
908 950 980 987 12.)
1015 970 1033 985 „
1052 949 1231 986 Impellirnur
1246 956 1341 978 autem
1357 956 1478 985 natura,
1503 958 1536 979 ut
1560 961 1630 988 pro-

105 1025 126 1042 ,‚
145 1007 229 1035 desse
256 1007 380 1034 velimus
414 1013 498 1040 quam
531 1005 691 1040 plurimis,
720 1003 922 1039 imprimisque
947 1002 1094 1036 docendo,
1123 1001 1344 1037 rationibusque
1374 1002 1541 1038 prudentiae
1570 1010 1629 1044 traf

108 1077 127 1094 ,‚
146 1057 259 1086 dendis.
298 1056 399 1092 Itaque
422 1064 482 1085 non
504 1056 591 1084 facile
612 1061 675 1091 est,
699 1055 845 1090 invenire,
867 1055 939 1090 qui,
962 1054 1042 1090 quod
1064 1052 1136 1082 sciat
1156 1052 1239 1088 ipse,
1260 1061 1320 1082 non
1338 1054 1429 1082 tradat
1449 1053 1541 1082 alteri.
1582 1054 1629 1083 Ita

105 1129 124 1145 „
145 1117 205 1137 non
225 1109 319 1136 solum
343 1108 379 1136 ad
399 1107 565 1136 discendum
582 1107 720 1144 propensi
741 1114 860 1142 sumus,
883 1114 980 1135 verum
999 1105 1082 1133 etiam
1100 1104 1135 1133 ad
1152 1105 1321 1134 docendum.
1365 1105 1483 1140 Atque,
1508 1111 1540 1134 ut
1563 1112 1627 1135 tau·

105 1178 125 1196 ‚‚
144 1159 185 1188 ris
209 1165 310 1188 natura
331 1159 429 1187 datum
454 1165 516 1194 esti,
540 1166 572 1187 ut
595 1168 648 1196 pro
671 1159 772 1189 vitulis
794 1164 895 1187 contra
917 1158 1015 1186 leones
1042 1164 1154 1185 summa
1175 1156 1206 1184 vi
1238 1156 1625 1198 impetuquecontendant:

105 1232 125 1248 „
144 1212 186 1240 sic
204 1212 245 1247 ii,
265 1211 316 1247 qui
338 1212 434 1240 valent
458 1211 584 1248 opibus,
603 1219 689 1247 atque
709 1211 738 1240 id
760 1210 851 1240 facere
873 1215 1017 1245 possunt,
1046 1214 1080 1236 ut
1102 1208 1137 1236 de
1160 1207 1288 1236 Hercula
1310 1213 1338 1236 et
1355 1208 1389 1236 de
1411 1207 1520 1237 Libero
1544 1197 1625 1238 acce·

103 1281 124 1298 ‚‚
143 1263 262 1299 pimus,
281 1263 315 1291 ad
332 1263 501 1292 servandum
524 1271 614 1300 genus
632 1263 781 1291 hominum
798 1269 898 1291 natura
920 1261 1087 1292 incitantur.
1128 1260 1228 1296 Atque
1250 1260 1334 1288 etiam
1355 1259 1477 1296 Jovmz,
1499 1270 1564 1290 cum
1580 1262 1625 1303 Q.

5 1302 9 1356 Ι
103 1334 122 1350 „
140 1313 187 1343 M.
203 1313 344 1348 dicimus,
364 1321 490 1349 cumque
506 1314 632 1342 eumdem
647 1313 821 1349 Salutarem,
842 1312 1043 1349 Ilospitalem,
1065 1311 1226 1346 Statorem,
1248 1311 1304 1340 hoc
1327 1311 1454 1348 intelligi
1467 1313 1625 1350 volumus,

101 1382 121 1403 „
141 1366 262 1394 salutem
286 1364 435 1393 hominum
462 1364 491 1393 in
525 1365 587 1401 eius
607 1373 669 1393 esse
696 1365 796 1394 tutela.
845 1364 968 1394 Minime
991 1370 1084 1391 autem
1110 1362 1267 1397 convenit,
1295 1371 1360 1392 cum
1382 1363 1441 1399 ipsi
1468 1364 1542 1395 inter
1569 1372 1624 1393 nos

6 1388 10 1430 ¹
102 1436 122 1452 „
140 1416 243 1452 abjecti
263 1416 445 1452 neglectique
469 1416 560 1444 simus
573 1437 582 1451 ,
605 1417 773 1452 postulare,
797 1423 829 1444 ut
847 1416 903 1444 diis
920 1414 1131 1446 immortalibus
1147 1414 1205 1442 cari
1229 1413 1341 1448 simus,
1363 1420 1390 1442 et
1410 1414 1444 1442 ab
1466 1414 1501 1444 iis
1523 1415 1623 1451 diliga-

0 1473 10 1526 ’μ
102 1487 122 1504 ,,
141 1476 216 1496 mur.
229 1465 249 1478 '²
286 1466 340 1502 (dc
371 1467 440 1496 Pin.
468 1467 521 1495 111.
550 1471 625 1503 20.)
669 1488 687 1503 ,‚
707 1467 862 1502 Natura,''
890 1466 1018 1501 scilicet,
1049 1486 1067 1500 „
1092 1465 1122 1492 vi
1151 1463 1270 1492 rationis
1306 1463 1450 1492 hominem
1485 1465 1623 1494 conciliat

101 1537 121 1554 ‚‚
140 1518 269 1553 homini,
295 1524 323 1546 et
352 1519 387 1546 ad
414 1519 554 1547 orationis
585 1525 612 1547 et
641 1519 675 1547 ad
699 1519 775 1547 vitae
805 1518 999 1546 societatem:
1029 1517 1231 1552 ingeneratque
1258 1514 1402 1550 imprimis
1435 1516 1619 1552 praecipuum

0 1576 11 1626 χΙ
102 1589 121 1606 ‚‚
141 1570 289 1606 quemdam
313 1578 436 1598 amorem
456 1569 486 1598 in
508 1578 575 1604 e05‚
599 1571 648 1605 qui
665 1570 806 1606 procreati
828 1577 912 1600 sunt:
937 1569 1136 1605 impellitque,
1160 1574 1192 1596 ut
1210 1567 1361 1596 hominum
1379 1575 1480 1598 coetus
1496 1575 1524 1596 et
1547 1570 1620 1597 cele—

101 1641 120 1658 „
139 1621 286 1650 brationes
308 1629 388 1655 esse,
411 1627 438 1648 et
452 1629 467 1648 a
483 1628 513 1648 se
532 1619 625 1655 obiri,
651 1621 717 1649 vclit
730 1641 740 1655 ‚
761 1621 799 1648 ob
818 1628 923 1657 easque
941 1628 1042 1649 causas
1063 1620 1176 1648 studeat
1197 1627 1294 1655 parare
1317 1628 1366 1655 ea,
1390 1628 1460 1655 quae
1485 1621 1621 1656 suppedi-

99 1693 118 1710 „
137 1679 197 1702 tent
221 1679 248 1701 et
271 1674 304 1701 ad
322 1673 432 1701 cultum
453 1678 480 1700 ct
502 1673 536 1700 ad
557 1671 666 1700 victum
680 1692 690 1707 ‚
712 1680 764 1700 nec
789 1672 845 1700 sibi
862 1672 936 1707 soli,
961 1672 1008 1700 sei
1030 1670 1165 1707 conjugi,
1191 1670 1311 1706 liberis,
1339 1671 1517 1706 ceterisque,
1542 1680 1618 1708 quos

98 1744 117 1762 ,‚
136 1733 218 1754 caros
243 1725 363 1758 habeat,
393 1725 524 1760 tuerique
547 1724 664 1752 debeat:
687 1732 760 1760 quae
782 1732 850 1752 cura
870 1723 1028 1752 exsuscitat
1053 1722 1134 1750 etiam
1159 1721 1289 1756 animos,
1308 1728 1334 1750 et
1358 1724 1478 1760 majores
1501 1723 1535 1752 ad
1558 1732 1616 1752 rem

100 1796 120 1813 „
140 1777 286 1814 gerendam
319 1775 431 1804 facit.''
457 1776 516 1813 (de
546 1775 598 1812 Off
628 1778 650 1805 Ι.
671 1777 730 1812 4.)
771 1796 789 1810 ,,
811 1774 950 1803 Homines
971 1781 1073 1808 nempe
1099 1771 1247 1813 hominum
1271 1781 1355 1806 ,causa
1386 1780 1454 1802 sunt
1477 1775 1616 1811 generati,

10 1826 13 1842 ‘
100 1846 120 1862 „
139 1833 172 1855 ut
194 1826 249 1862 ipsi
271 1826 346 1855 inter
367 1836 396 1855 se
418 1827 482 1855 aliis
507 1827 555 1855 alii
574 1826 711 1862 prodesse
733 1826 866 1862 possint:
897 1825 926 1854 in
946 1825 1000 1853 hoc
1030 1831 1159 1852 naturam
1180 1824 1316 1853 debemus
1338 1825 1438 1852 ducem
1464 1826 1566 1861 sequi,
1589 1833 1616 1855 et

100 1898 120 1914 ‚‚
139 1886 305 1907 communes
321 1878 460 1906 utilitates
478 1878 508 1906 in
527 1877 649 1906 medium
667 1877 782 1913 afferre,
802 1876 961 1909 mutatione
977 1875 1134 1904 officiorum
1147 1896 1157 1909 ‚
1175 1875 1284 1910 dando,
1305 1874 1473 1912 accipiendo
1486 1895 1496 1910 ‚
1511 1875 1528 1887 ’'
1558 1875 1614 1912 (de

98 1928 158 1966 Off.
182 1929 204 1958 1.
228 1936 277 1964 7.),
314 1949 332 1963 „
352 1937 416 1956 cum
440 1931 474 1958 ad
499 1930 622 1958 tuendos
655 1930 926 1965 conservandosque
956 1927 1086 1956 homines
1126 1926 1268 1955 hominem
1305 1933 1401 1954 natum
1431 1935 1493 1955 esse
1522 1927 1615 1954 viaca-

103 1999 123 2017 „
140 1979 246 2009 mus.”
274 1979 332 2017 (de
355 1980 424 2010 Fm.
443 1980 496 2010 ΠΙ.
521 1983 592 2020 20.)
633 2002 653 2020 „
671 1981 804 2012 Proxime
826 1989 852 2011 et
877 1981 1033 2016 secundum
1057 1979 1125 2009 deos
1149 1978 1282 2008 homines
1300 1977 1468 2009 hominibus
1494 1978 1614 2007 maxime

1564 2036 1621 2056 uu-
