1913 2427
246 157 290 192 38
495 157 537 190 Η.
602 152 638 191 C.
706 161 816 186 van
885 162 989 184 nna
1056 153 1234 186 BOON
1299 126 1519 186 MEsen

247 244 406 281 comparari
429 250 527 281 potest
551 252 618 272 cum
642 242 699 277 iis,
722 249 842 278 quarum
863 239 1014 276 iinagInem
1034 239 1200 277 impressam
1218 240 1323 269 habent
1339 240 1557 270 Lithantracesz
1580 244 1766 278 quae'tantae

249 303 338 332 sunt,
362 303 394 325 ut
415 305 578 333 magnarum
602 300 737 330 superent
750 293 882 322 arborum
907 292 1150 329 magnitudinem,
1175 300 1305 328 quaeque
1323 292 1407 321 hodie
1425 301 1483 321 non
1505 293 1628 330 amplius
1646 295 1765 325 existere

248 348 401 385 videntur;
424 347 558 384 quamvis
581 346 657 375 enim
684 344 857 374 servaverint
882 345 934 372 hae
962 342 1098 380 imagines
1121 343 1225 378 dotes,
1254 351 1313 372 non
1336 343 1392 372 nisi
1415 344 1450 372 ad
1472 344 1563 373 filices
1585 345 1764 382 referendas,

247 400 352 429 habent
372 407 465 428 tamen
487 399 599 434 aliquot
621 399 707 434 longe
731 397 765 425 ab
791 397 936 425 hodiernis
960 395 1104 430 diversas;
1126 394 1182 423 hoc
1205 400 1298 422 autem
1324 394 1476 423 discrimen
1510 395 1614 424 habent
1635 405 1769 426 commu·

248 460 284 482 ne
305 461 370 480 cum
396 450 555 485 omnibus,
587 449 649 479 sive
672 448 854 484 animalium,
885 448 946 477 sive
980 446 1201 484 vegetabilium,
1230 446 1381 483 speciebus
1408 447 1437 476 in
1461 446 1574 476 fossilia
1597 448 1765 487 impressis,

248 510 315 532 cum
340 502 425 531 hodie
443 500 635 530 existentibus
657 500 705 528 vix
730 499 940 537 comparandis.

288 553 430 589 Equidem
454 561 514 582 non
539 552 658 588 nescio,
685 552 826 580 illustrem
857 551 1042 586 Lim-mmm,
1071 549 1268 588 Hedwigium,
1290 557 1318 579 et
1345 551 1441 587 plures
1466 552 1538 581 alios
1561 552 1765 583 meritissimus

248 599 406 633 Botanicos
417 625 427 639 ,
446 602 626 638 defendisse,
646 609 673 631 et
690 602 815 631 Muscos
829 608 856 630 et
873 602 976 630 Filices
993 601 1094 630 habere
1109 610 1215 639 organa
1230 602 1362 639 genitalia
1373 623 1383 636 ‚
1405 603 1674 640 generationemque
1690 596 1768 634 exer-

247 664 309 684 cere
329 655 544 692 copulativam3
569 654 651 683 lectis
674 661 765 683 autem
788 653 951 682 etffelectis
969 660 997 682 et
1017 653 1189 683 Linnaeanis
1213 660 1240 682 et
1262 655 1326 683 aliis
1352 655 1445 690 locis,
1472 655 1580 691 quibus
1606 657 1658 685 hac
1682 657 1717 686 de
1737 658 1774 686 ω’

252 707 388 744 agebatur
405 727 414 742 ,
444 714 556 742 semper
579 705 649 734 mibi
667 706 723 735 visi
743 712 811 734 sunt
827 705 891 733 Viri
908 705 956 733 Ill.
974 704 1059 733 nimis
1085 705 1166 734 anxie
1184 707 1214 735 in
1234 714 1290 734 rem
1313 705 1523 742 inquisivisse,
1545 713 1578 736 nt
1593 709 1638 737 vel
1653 708 1769 737 videan-

251 764 299 787 tur
321 758 478 787 inhaesisse
498 765 609 788 tantum
637 758 735 786 unicae
754 756 956 794 vegetabilium
979 756 1083 785 rationi
1107 757 1304 794 propagandi,
1326 756 1385 786 fere
1406 757 1522 787 dixerim
1545 746 1656 787 seducti
1676 756 1770 788 fuisse

248 809 348 845 aliquo
373 810 537 845 systematis
564 809 686 838 sexualis
709 816 821 843 amore;
843 816 908 836 nam
931 816 1032 843 parum
1049 808 1280 842 conveniuntin
1300 808 1534 845 determinando,
1560 817 1718 846 quaenam,
1738 813 1767 839 et

250 867 343 897 quot,
375 869 478 898 organa
502 861 633 897 genitalia
659 860 758 888 Musei
782 860 969 894 contineant,
997 868 1121 896 quonam
1138 860 1205 889 loco
1227 861 1368 889 collocata
1391 860 1470 896 sint,
1499 862 1647 896 quomodo
1673 869 1768 898 copu-

239 913 306 942 lam
329 913 443 949 ineant,
465 912 633 949 perficiant,
655 920 797 948 quosnam
819 917 846 940 et
869 917 943 948 quot
963 911 1077 939 fructus
1096 911 1259 948 proferant3
1281 920 1375 947 neque
1397 918 1506 941 tantum
1531 913 1600 941 vivo
1616 913 1768 949 Limnaeo,

248 965 352 1003 (hunc
375 964 449 993 enim
461 985 471 1000 ,
493 972 524 993 ut
547 964 596 999 fit,
616 964 752 992 eximium
773 963 865 992 virum
878 985 888 999 ‚
907 965 943 993 ob
962 965 1068 994 editum
1083 973 1192 994 novum
1208 971 1333 1001 systema
1346 966 1507 1001 plantarum
1524 965 1656 1001 sexuale,
1683 966 1768 995 fidem

247 1016 421 1045 detrahendo
431 1037 441 1052 ‚
463 1016 624 1051 irridendo,
639 1016 826 1052 provocando
838 1037 846 1050 ,
861 1015 1064 1045 incredibiliter
1080 1023 1219 1046 vexarunt
1230 1018 1265 1054 ,)
1282 1015 1399 1045 fuerunt
1409 1037 1420 1052 ‚
1438 1017 1488 1052 qui
1499 1017 1612 1045 Muscis
1626 1023 1767 1054 negarunt

251 1076 357 1104 organa
381 1067 530 1104 genitalia3
554 1076 640 1103 qnam
664 1068 843 1104 negationem
871 1067 968 1104 itaque
992 1067 1090 1097 forsan
1107 1067 1260 1104 protulerit
1284 1067 1410 1104 invidia,
1431 1075 1480 1096 aut
1498 1068 1691 1104 obtrectat103
1717 1067 1769 1097 sed

251 1126 279 1148 et
300 1126 368 1156 post
396 1120 561 1148 Limnaeum
591 1118 727 1154 fuerunt,
754 1125 839 1154 atque
869 1119 960 1156 igitur
983 1119 1078 1148 minus
1105 1119 1213 1155 invidi,
1242 1119 1357 1155 minus,
1384 1120 1448 1149 sive
1469 1120 1598 1149 novitate
1619 1119 1679 1155 rei,
1705 1119 1771 1148 sive

220 1206 224 1211 .
254 1170 429 1199 auctoritate
451 1170 594 1207 Principis
616 1170 819 1199 Botanicorum
840 1171 998 1206 -movendi,
1021 1170 1071 1206 qui
1091 1178 1239 1206 nunquam
1265 1170 1294 1199 in
1318 1170 1436 1199 Muscis
1460 1171 1587 1208 detegere
1609 1177 1768 1208 potuerunt

252 1223 299 1251 vel
323 1223 411 1250 levem
431 1230 602 1259 organorum
630 1222 794 1259 genitalium
815 1222 938 1259 speciem
957 1224 1035 1259 (101
1048 1223 1080 1260 );
1101 1230 1196 1258 neque
1215 1222 1352 1250 Kieserm
1372 1222 1478 1250 detexit
1496 1222 1583 1251 ullam
1602 1221 1632 1250 in
1653 1221 1769 1251 Muscis

249 1281 317 1302 eum
343 1274 456 1309 pistillo
478 1274 523 1302 vel
546 1272 720 1302 staminibus
743 1274 981 1303 convenientiam.
1021 1273 1085 1303 Nec
1113 1274 1210 1303 minus
1230 1273 1352 1309 dubito,
1385 1273 1482 1302 deEsse
1502 1273 1644 1302 Filicibus
1664 1281 1770 1310 organa

251 1324 384 1361 genitalia
409 1325 536 1362 (102),
567 1325 601 1352 de
625 1324 733 1360 quibus
758 1325 879 1353 incertas
907 1331 935 1353 et
959 1333 1043 1362 vagas
1070 1326 1254 1361 protulerunt
1284 1324 1439 1352 sententias
1466 1324 1582 1360 plurimi
1615 1322 1767 1360 Botanicis

250 1376 456 1414 Cacsalpinus,
472 1375 594 1412 Raym,
615 1375 793 1405 Boas-bavius
803 1396 812 1411 ,
835 1376 859 1404 T
858 1376 1073 1412 ournefortius,
1089 1377 1238 1404 Listnaeus
1248 1397 1258 1411 ,
1282 1375 1409 1404 Oederus
1421 1396 1431 1410 ,
1443 1375 1617 1409 Marattus,
1633 1375 1698 1411 alii3
1719 1374 1768 1403 alii

254 1435 323 1455 vcro
346 1427 447 1455 iterum
471 1427 632 1462 iterumque
648 1427 769 1463 repetito
794 1428 922 1456 examine
942 1428 1021 1456 nulla
1035 1428 1064 1456 in
1090 1427 1230 1456 Filicibus
1253 1427 1422 1460 invenerunt
1444 1433 1493 1454 aut
1511 1426 1633 1455 stamina
1652 1433 1701 1455 aut
1724 1426 1768 1462 pi-

249 1478 350 1514 ·stilla3
375 1484 406 1506 ut
429 1479 475 1507 vel
502 1478 565 1514 ipse
590 1478 803 1508 Willdcnowius
824 1479 962 1515 affirmat,
984 1479 1068 1507 ssorcs
1087 1479 1208 1508 Filicurn
1223 1479 1350 1508 nondum
1368 1477 1458 1514 probe
1475 1486 1537 1506 esse
1557 1477 1766 1513 investigatos,

256 1537 366 1565 eosque
405 1530 434 1558 in
468 1529 587 1566 reliquis
618 1530 855 1567 Cryptogamicis
889 1530 925 1558 ob
968 1538 1106 1558 summam
1137 1530 1326 1559 subtilitatem
1356 1529 1508 1558 difficulter
1540 1529 1686 1559 inventum
1711 1519 1766 1566 iri}

256 1589 427 1617 quamquam
452 1581 514 1617 ipse
532 1581 677 1610 adscribat
697 1581 934 1618 Cryptogamicis
957 1582 1151 1610 sexualitatem
1173 1583 1252 1618 (103
1262 1583 1286 1620 ).

293 1633 335 1661 At
364 1640 522 1670 praeterea,
542 1633 660 1662 caeteris
691 1633 798 1669 plantis
821 1642 882 1662 esse
912 1633 1138 1669 imperfectiores
1162 1633 1414 1670 cryptogamicas,
1439 1633 1509 1662 satis
1534 1639 1669 1669 constat,
1691 1633 1768 1662 sicut

253 1685 310 1721 iam
324 1684 603 1721 demonstravimus3
627 1693 714 1721 quare
740 1683 951 1722 imperfectiora
975 1684 1105 1715 animalia
1125 1685 1234 1724 egregie
1256 1684 1400 1714 illustrare
1427 1685 1578 1723 videntur,
1603 1684 1770 1715 absentibus

1726 1745 1771 1766 or-

281 1853 340 1878 (rer
349 1854 364 1880 2
377 1853 496 1881 Egregium
513 1854 633 1881 specimen
647 1855 676 1876 de
690 1859 818 1876 muscetum
832 1859 856 1876 et
869 1853 965 1880 algarum
979 1855 1124 1882 generatione
1134 1868 1142 1881 ,
1161 1858 1254 1877 auctore
1270 1854 1302 1878 Ν.
1321 1854 1350 1883 9.
1365 1854 1389 1876 lo
1402 1853 1499 1881 Nea-kar,
1520 1859 1545 1881 p·
1556 1851 1688 1881 423-446.
1700 1854 1772 1881 exem

254 1894 278 1917 lu
295 1895 342 1918 Aa.
359 1895 419 1916 dud.
437 1896 509 1918 naal.
521 1894 593 1917 Palae.
620 1896 684 1918 Tem.
698 1896 726 1918 Π.

283 1936 363 1967 (102)
376 1937 551 1958 ficta-'mmmm
561 1944 598 1958 nr
609 1939 630 1958 la
644 1938 778 1965 propagatum
793 1937 826 1958 du
838 1937 920 1958 micae:
938 1943 963 1958 en
975 1938 1075 1966 glulral,
1096 1938 1179 1960 eodem
1193 1943 1287 1960 tumore
1310 1944 1333 1965 p·
1348 1941 1478 1963 275—819.
1507 1935 1555 1958 Aet.
1567 1935 1639 1958 Pam.
1656 1935 1722 1958 Ton-
1735 1936 1771 1958 ui.

281 1975 363 2006 (ιη)
377 1977 513 2005 Wmdumr,
532 1979 548 2000 1.
565 1983 582 2001 l·
601 1985 625 2007 p,
639 1984 688 2004 us.
710 1978 730 2003 S.
743 1985 779 2007 79·
800 1979 823 2000 in
836 1979 987 2002 annotatione.
