1913 2427
238 147 284 184 με
596 152 637 183 -J
679 128 1001 184 I'ffcoat'
1057 151 1225 187 LA‘N
1267 149 1366 186 1³⁴1·

278 234 468 272 Antiquiores
501 238 530 268 hi
557 239 698 276 Emp'irici
714 261 724 275 ,
754 248 769 268 a
791 238 996 268 recentioribus
1018 240 1108 275 probe
1132 240 1353 279 distinguendi,
1371 251 1424 277 ea,
1447 248 1520 277 quae
1546 236 1745 272 observatione

240 294 362 323 possent
384 289 497 326 detegi,
523 297 574 319 aut
593 292 671 327 justa
695 297 722 320 et
737 290 862 328 legitima
883 284 1150 320 ratiocinationeex
1159 292 1318 322 observatis
1337 294 1419 329 elici,
1447 294 1525 322 omni
1545 290 1760 330 philosophico-

239 345 404 368 commento
428 341 514 377 longe
536 342 718 377 antecellere,
737 342 801 378 jure
823 347 1101 376 sno,-statuerunt.i
1128 342 1339 379 Experientiam
1363 345 1403 373 ita
1424 340 1644 380 sibi'acqnirere
1665 351 1770 381 posse-1

239 390 438 427 crediderunt,
469 392 493 420 si
515 401 597 429 saepe
617 399 644 420 et
668 393 794 429 repetitis
814 393 929 422 vicibus
949 393 1062 421 eandem
1076 401 1162 428 trem,
1189 391 1282 422 eadem
1308 394 1435 430 ratione,
1464 395 1701 430 observaverant,
1724 399 1770 423 et-

233 438 277 467 ita
299 439 384 470 facile
410 449 437 471 et
466 449 562 479 aperte
590 444 757 480 constabat,
785 445 856 480 quid
880 445 944 473 inde
969 451 1046 473 esset
1068 446 1309 474 concludendum.
1358 442 1435 474 Cum*
1465 452 1558 474 autem
1585 445 1771 490 saepissime.-

236 490 405 521 morborum
428 502 547 523 caussae
571 495 755 524 absconditae
777 496 926 531 haereant,
954 504 1006 525 nec
1035 497 1161 533 simplici
1183 498 1278 534 detegi
1311 496 1426 534 possint
1455 497 1678 533 observatione,
1703 496 1771 526 has--

239 546 299 570 non
323 550 514 581 curaverunt,
545 554 596 575 nec
627 546 713 575 variis
746 547 958 583 hypothesibus
987 548 1113 584 detegere
1137 548 1233 578 conati
1268 555 1357 585 sunt,
1385 557 1484 579 verum
1516 550 1550 578 ad
1572 557 1618 577 eas
1641 555 1754 578 tantum

234 592 362 622 animum
387 596 587 633 adverterunt,
617 606 690 634 quae
711 598 844 627 sensibus
875 598 985 635 percipi
1009 606 1145 636 possent;
1174 606 1202 628 et
1225 598 1333 629 idcirco
1355 608 1439 629 omne
1458 601 1505 636 id,
1536 600 1616 636 quod
1638 600 1772 636 dogma-‚

235 643 287 671 tici
317 645 436 675 rationis
467 648 588 685 argutiis
615 649 758 678 detexisse
785 649 986 686 crediderant,
1017 657 1194 686 spreverunt.
1247 650 1309 681 Ubi
1336 658 1427 680 autem
1454 651 1611 686 accideret,
1639 657 1671 678 ut
1700 657 1753 678 nec

229 694 310 731 ipsi,
339 705 390 726 nec
417 699 467 733 qui
497 699 578 735 ipsos
610 707 843 736 praecesserant,
878 702 937 728 veri
968 701 1091 730 Naturae
1118 702 1315 731 observatores
1344 711 1400 731 rem
1423 708 1597 738 praesentem
1619 701 1754 730 observa-

232 745 364 782 vissent,
388 757 479 784 neque
503 750 542 778 ita
567 751 600 778 de
631 751 765 779 methodo
794 751 913 779 curandi
947 752 1079 779 morbum
1109 752 1179 787 quid
1205 760 1374 788 constaret,
1402 754 1436 781 ad
1465 753 1537 781 hanc
1566 752 1752 788 detegendam

237 799 385 834 pervenire
408 801 503 828 conati
527 807 595 830 sunt
619 801 770 830 ratiocinio
793 802 957 838 analogic03
980 802 1009 830 id
1031 794 1093 837 est‘,
1116 802 1242 831 invenire
1265 810 1445 832 tentaverunt
1465 804 1658 839 phaenomena
1680 811 1753 831 non-

228 850 335 885 nulla,
357 850 386 879 in
409 860 477 879 casu
500 852 659 888 praesenti,
683 861 754 888 quae
779 853 963 881 convenirent
982 862 1048 882 cuin
1071 854 1292 889 phaenomenis,
1314 863 1387 890 quae
1407 854 1469 882 aliis
1492 854 1520 882 in
1544 853 1652 882 morbis
1671 861 1753 890 saepe

238 899 378 930 viderant.
422 902 485 931 Hoc
515 910 608 931 autem
644 903 825 932 ratiocinium
856 905 1034 940 analogicum
1067 905 1281 933 fundamentum
1309 905 1441 941 agnoscit
1473 905 1501 933 in
1533 904 1752 939 observatione,

237 959 293 980 :nec
319 961 349 980 se
372 953 496 982 extendit
526 954 600 982 ultra
624 953 727 983 limites
751 963 868 989 eorum,
897 963 970 990 quae
1004 955 1031 984 in
1053 964 1156 984 sensus
1186 957 1311 991 cadunt3
1342 964 1401 985 non
1432 955 1504 984 enim
1533 964 1628 984 eruere
1655 955 1751 984 conati

238 1009 309 1030 sunt
327 1004 540 1033 convenientias
566 1006 702 1040 quasdam
729 1005 802 1034 inter
829 1014 946 1034 caussas
976 1007 1162 1041 morborum,
1187 1013 1237 1035 aut
1263 1015 1359 1035 eorum
1386 1013 1521 1041 naturas,
1546 1014 1598 1034 nec
1626 1012 1653 1034 et
1679 1006 1752 1034 inter

240 1052 318 1082 vires
342 1056 627 1091 medicamentorum,
655 1062 705 1084 aut
735 1065 832 1084 eorum
861 1057 960 1093 agendi
993 1057 1150 1092 rationem,
1176 1057 1203 1085 in
1229 1065 1367 1093 quantum
1398 1057 1465 1086 haec
1487 1057 1581 1085 omnia
1603 1057 1752 1085 ratiocina-

242 1104 324 1133 tione
347 1106 537 1143 deteguntur‚
559 1116 611 1136 nec
634 1107 746 1144 objecta
764 1115 832 1136 sunt
852 1108 1046 1143 experientiae.
1094 1108 1196 1136 Postea
1222 1117 1289 1137 vero
1313 1108 1446 1137 nonnulli
1475 1108 1563 1145 hujus
1594 1115 1687 1136 sectae
1706 1113 1752 1136 as·

245 1157 356 1193 seclae,
378 1164 405 1186 et
422 1158 552 1194 inprimis
567 1159 737 1187 Menodocus
754 1167 787 1187 ex
803 1159 990 1194 Nicodemia,
1009 1160 1155 1196 analogiae
1170 1160 1381 1196 Epilogismuni
1397 1159 1629 1194 substituerunt,
1651 1159 1679 1187 id
1690 1165 1751 1194 est,

242 1214 352 1243 artem,
383 1217 460 1245 qua,
490 1219 523 1238 ex
545 1209 629 1238 factis
661 1196 912 1238 observationibus
937 1211 971 1239 ad
993 1211 1121 1239 nondum
1151 1210 1351 1239 observatione
1380 1211 1507 1245 detecta,
1533 1212 1609 1247 justa
1633 1209 1666 1238 fit
1684 1213 1754 1250 con-

246 1259 352 1289 clusio.
405 1261 594 1289 Conditorem
621 1261 707 1297 hujus
733 1268 826 1290 sectae
850 1261 983 1291 nonnulli
1005 1253 1195 1301 Herophilum
1218 1262 1356 1298 credunt3
1383 1261 1431 1290 alii
1455 1261 1621 1297 Philinum,
1650 1261 1754 1298 Coum,

249 1303 338 1348 liujus
365 1312 552 1349 discipulum.

284 1362 409 1392 Constat
429 1364 535 1400 igitur,
556 1365 735 1400 antiquiores
751 1366 816 1394 illos
842 1366 1005 1403 Empiricos
1027 1375 1136 1403 semper
1162 1374 1195 1394 ex
1216 1364 1420 1402 pliaenornenis
1444 1363 1567 1400 apertis,
1594 1371 1667 1399 quae
1687 1371 1751 1393 sen-

243 1411 328 1440 sibus
352 1413 434 1441 facile
456 1414 565 1450 percipi
582 1422 722 1451 possent,
744 1417 780 1444 ad-
795 1417 983 1453 abscondita,
1006 1425 1087 1446 cauta
1103 1417 1253 1446 admodum
1283 1415 1499 1444 ratiocinatione
1520 1413 1665 1449 adbibita,
1687 1422 1753 1450 pro-

245 1464 388 1500 cessisse,
409 1472 436 1492 et
459 1473 571 1503 qmnem
597 1474 694 1494 eorum
709 1467 867 1496 doctrinam
889 1468 980 1497 tribus
1001 1469 1079 1496 hisce
1102 1467 1183 1496 inniti
1205 1465 1371 1503 principiis:
1406 1465 1447 1495 10.
1467 1473 1603 1493 sensuum
1625 1465 1771 1495 testimo-l

242 1515 311 1551 Πίος,
342 1514 384 1545 20.
411 1516 544 1544 memoria
564 1516 698 1551 illorum,
727 1526 800 1552 quac
826 1519 859 1547 ab
885 1518 949 1547 aliis
976 1526 1072 1547 essent
1094 1518 1262 1552 observata;
1292 1522 1319 1544 et
1347 1516 1390 1552 30.
1416 1515 1628 1552 comparatione
1652 1515 1752 1552 iuius.

243 1567 324 1602 quod
348 1567 496 1603 cognitum
519 1566 622 1602 fuerit,
644 1575 709 1595 cum
733 1569 859 1597 nondum
885 1570 1013 1606 cognito.

282 1617 423 1655 Serapion
452 1626 518 1645 vero
548 1617 792 1654 Alexandrinas,
823 1628 905 1655 quem
936 1621 1030 1649 Celsus
1057 1621 1123 1657 (2)
1152 1626 1294 1647 auctorem
1325 1624 1418 1647 sectae
1454 1616 1617 1653 Empiricac
1642 1624 1751 1654 vocat,

244 1667 355 1702 quippe
377 1668 425 1701 qui
450 1668 559 1704 primus
584 1669 736 1704 opiniones
768 1677 794 1698 ct
823 1671 978 1699 sententias
1008 1671 1221 1707 Einpiricorum
1258 1671 1292 1698 ad
1323 1670 1449 1698 ordinem
1478 1668 1562 1704 quasi
1593 1668 1751 1704 systemati-

243 1726 308 1746 cum
330 1716 478 1752 exposuit,
508 1720 626 1752 ejusque
650 1722 792 1755 asseclae,
815 1730 929 1751 caussas
947 1731 1038 1750 rerum
1060 1730 1170 1758 apertas
1198 1728 1307 1749 tantum
1330 1726 1519 1754 curaverunt,
1549 1721 1576 1748 in
1603 1719 1754 1748 abscondi·

242 1775 286 1796 tas
315 1775 407 1796 autem
433 1776 491 1796 1¹01]
513 1767 743 1803 inquisiverunt,
766 1781 837 1805 quac
855 1773 982 1808 ipsorum
1009 1780 1135 1809 tempore
1158 1780 1216 1801 non
1241 1772 1296 1799 nisi
1320 1772 1347 1799 in
1369 1769 1580 1807 philosophicis
1605 1778 1760 1809 commen-¹

243 1818 282 1846 tis
302 1819 398 1853 quatri
423 1825 580 1854 potuerunt
609 1826 636 1847 et
660 1828 693 1848 ex
718 1820 776 1848 illis
806 1821 960 1856 elucidari,
989 1832 1060 1857 quae
1088 1832 1157 1851 vana
1192 1824 1361 1858 plerumque
1384 1829 1410 1849 et
1441 1821 1584 1855 obscura,
1616 1820 1751 1851 facillime

241 1869 271 1898 in
292 1877 410 1897 errorem
435 1870 582 1898 duxerant.
630 1870 798 1899 Attentione
821 1879 934 1907 autern,
957 1879 1095 1909 quantum
1121 1879 1239 1909 possent
1254 1892 1263 1907 ‚
1295 1872 1419 1900 adhibita
1443 1871 1472 1899 id
1490 1891 1500 1907 ,
1533 1872 1613 1907 quod
1643 1879 1747 1908 sponte

1703 1923 1755 1952 ob·

263 2001 315 2030 (ι)
335 2000 386 2024 vm.
402 2001 488 2028 cnm,
503 2002 527 2023 de
542 2004 659 2031 Medicina,
682 2004 755 2028 Praef.
779 2010 830 2032 pag·
851 2010 877 2032 3,
894 2005 906 2028 8
921 2011 946 2028 tt
959 2011 1009 2034 m.
