1913 2427
217 150 262 185 ¹26
465 148 503 179 H.
569 148 606 179 C.
671 155 781 179 vau
847 155 954 176 nnn
1020 144 1200 176 BooN
1262 145 1494 178 MESCH‘

221 244 250 267 et
269 234 458 266 extractivam
480 234 641 269 materiem,
664 233 713 261 sed
738 239 798 260 tum
821 237 900 260 tanta
919 231 1018 260 harum
1037 231 1120 267 copia
1146 231 1266 267 repletae
1283 239 1353 260 sunt
1374 233 1503 269 plantae,
1525 238 1558 261 ut
1579 233 1658 263 haud
1671 241 1737 264 raro

225 288 352 317 mellitus
375 287 472 322 liquor
495 286 601 321 stillet;
632 285 725 320 qualis
757 284 860 312 insidet
884 282 964 311 foliis
987 284 1139 311 multarum
1163 283 1330 321 Quercuum
1355 284 1564 320 Orientalium,
1592 285 1738 324 Ficuum;

226 339 322 376 qualis
345 347 378 368 ex
397 337 581 366 Fraxinorum
592 357 601 371 ‚
619 335 784 372 praeprimis
807 334 897 369 Orni,
914 334 998 363 ramis
1014 340 1041 363 et
1058 340 1180 369 t1·unc0‚
1202 333 1231 363 in
1248 334 1398 372 Calabria,
1415 336 1470 364 sub
1485 336 1571 365 titulo
1591 336 1738 373 Mannae,

224 389 373 418 mensibus
390 388 477 425 Junio
494 388 632 425 Julioque
654 395 754 423 magna
775 386 858 422 copia
879 393 974 424 sponte
991 386 1102 414 stillat:
1123 391 1300 422 quantopere
1320 386 1481 423 gratissima
1503 387 1652 417 dulcedine
1672 389 1744 418 Me-'

223 441 377 470 ridionales
399 439 512 467 fructus
536 445 670 474 superant
691 437 839 467 Borcales!
881 437 1014 473 Denique
1034 437 1200 466 Achardius
1229 438 1410 474 observavit,
1441 439 1570 467 tenebras
1601 439 1741 475 prodesse

222 491 351 521 sacchari
373 489 478 526 origini
499 489 528 517 in
549 490 710 526 plantarum
734 489 902 524 radicibus,
931 489 1022 517 lucem
1052 497 1118 518 vero
1144 489 1232 517 eidem
1264 488 1363 518 favere
1387 489 1417 518 in
1445 489 1601 519 fructibus.
1641 490 1738 529 Quam

224 542 450 571 observationem
473 540 643 570 confirmant
657 541 789 576 fructus,
815 549 936 576 quorum
952 541 1096 570 dulciores
1112 541 1141 569 in
1162 540 1402 569 Meridionalibus
1418 540 1583 577 regionibus
1593 562 1603 577 ‚
1622 548 1649 570 et
1664 542 1743 571 radi-

225 602 291 628 ces,
313 600 434 628 quarum
455 592 597 621 dulciores
629 592 659 622 in
688 592 855 622 Borealibus
880 592 1085 629 inveniuntur,
1112 598 1145 622 ut
1169 591 1438 629 Denicus-carota,
1465 591 1534 623 Beta
1563 593 1690 631 vulgaris
1709 599 1742 622 et

222 643 332 682 Apium
341 659 352 666 -
361 643 581 682 petroselinum.

916 744 945 780 's‘-
989 752 1033 780 1412

257 845 360 875 Oleosi
384 846 429 874 vel
453 844 574 882 pinguis
604 845 742 881 principii
773 845 915 875 uberrima
944 845 1029 881 copia
1061 846 1187 875 occurrit
1214 845 1244 875 in
1267 845 1428 881 plantarum
1455 844 1633 881 seminibus,
1658 853 1742 882 prae-

224 897 326 935 primis
339 896 632 934 Dycotyledonibus‚
653 904 680 925 (t
693 897 821 933 gignitur
835 897 864 926 in
882 896 965 925 omni·
976 896 1101 933 regione.
1141 896 1309 925 Notandum
1323 903 1388 931 est,
1407 896 1522 925 seminav
1536 903 1601 925 ante
1623 897 1744 926 maturi·

221 954 306 977 tatem
329 947 483 983 saccharo,
508 948 698 984 muci-lagine,
718 949 872 984 amyloque
882 949 985 985 plena,
1007 948 1075 976 dum
1092 948 1302 983 maturuerint,
1319 947 1436 984 pinguia
1446 946 1517 975 fieri.
1557 947 1626 976 Nux
1638 947 1744 977 Cocoae

218 998 373 1031 immatura
395 997 561 1027 saccharina
585 1004 648 1032 est,
674 1005 784 1026 matura
806 998 923 1034 pinguis
945 997 991 1025 fit:
1021 1006 1088 1034 apes
1110 1007 1146 1027 ex
1173 999 1277 1026 florum
1305 997 1442 1026 nectariis
1466 998 1658 1027 saccharinam
1690 1007 1741 1027 su-

219 1055 293 1087 gunt
313 1048 474 1084 materiem,
495 1049 560 1077 dein
583 1049 734 1085 deponunt
757 1056 848 1076 ceram
873 1049 889 1084 (
899 1050 968 1086 31).
990 1048 1143 1078 ‘Forsitan
1160 1049 1228 1077 hacc
1249 1047 1415 1084 pinguedo,
1436 1053 1547 1083 praeter
1563 1048 1635 1077 alios
1649 1057 1745 1085 usus,

221 1110 297 1137 quos
317 1101 462 1137 plantulae
484 1100 657 1129 evolvendae
678 1105 821 1141 praestare
845 1099 948 1135 debet,
969 1108 1029 1128 eain
1055 1108 1173 1136 quoque
1198 1099 1325 1129 corculor
1348 1104 1376 1126 et
1401 1098 1548 1134 plumulae
1568 1098 1660 1127 adfert
1680 1099 1740 1128 uti·

217 1152 345 1188 litatem,
366 1158 399 1181 ut
417 1160 484 1181 cum
504 1153 596 1181 malus
613 1151 733 1180 omnino
758 1151 796 1179 sit
818 1151 934 1179 calon-ici
952 1151 1132 1186 conductor,
1156 1150 1361 1179 amicissimum
1383 1149 1465 1178 molli
1486 1149 1560 1178 vitae
1581 1149 1738 1180 caloricum

218 1209 382 1232 conservet.
423 1205 457 1232 In
482 1204 561 1232 omni
586 1203 701 1240 regione
723 1202 825 1231 Oleum
850 1200 979 1238 produci·
995 1200 1139 1236 diximus3
1170 1200 1211 1229 sic
1228 1200 1332 1229 Oleum
1355 1200 1505 1228 Olivarum
1529 1208 1566 1228 ex
1587 1200 1666 1235 olea,
1693 1208 1738 1229 ar·

220 1253 291 1283 bore
311 1254 446 1290 Europae
464 1254 685 1290 Meridionalis3
706 1252 745 1282 Ο.
768 1253 992 1289 Amygdalarum
1010 1259 1043 1279 ex
1058 1252 1158 1280 arbore
1177 1250 1312 1287 Africae,
1334 1251 1449 1286 Italiae,
1477 1251 1606 1288 Galliae3
1632 1251 1742 1281 Oleum

226 1304 325 1333 Ricini
347 1313 381 1334 ex
396 1305 548 1342 Cataputia
561 1304 679 1342 majori,
699 1313 792 1334 annua
808 1305 904 1341 planta
921 1303 951 1332 in
967 1303 1072 1332 insulis
1090 1303 1185 1332 Indiae
1199 1303 1368 1339 utriusque,
1390 1303 1420 1331 in
1436 1303 1568 1331 America
1586 1303 1743 1338 Australi,

220 1354 339 1383 Africa:
361 1361 389 1384 et
414 1361 514 1384 contra
537 1355 714 1391 proveniunt
737 1356 798 1384 olea
818 1364 852 1383 ex
874 1354 1031 1383 seminibus
1054 1354 1201 1383 Cannabis
1219 1355 1326 1383 sativae
1336 1375 1351 1389 ,.
1375 1362 1483 1383 annuae
1505 1355 1620 1390 plantae
1643 1354 1740 1384 Euro-

219 1414 274 1443 pae
295 1405 440 1442 Borealis,
464 1412 490 1434 et
511 1406 579 1435 Lini
599 1414 626 1435 et
642 1407 758 1443 Sinam,
780 1405 1015 1440 B‘rassicae-rapi
1036 1411 1064 1433 et
1080 1405 1271 1441 campestris,
1289 1405 1438 1441 papaveris
1447 1426 1464 1440 ‚t
1479 1405 1636 1441 multisque
1658 1404 1739 1437 aliis,

218 1456 384 1486 Memoratu
408 1457 528 1494 dignum
554 1458 684 1494 videtur,
708 1459 785 1494 quod
810 1460 902 1487 oleum
927 1456 1070 1492 solidius,
1098 1456 1207 1485 dictum
1229 1456 1370 1493 Butyrum
1392 1456 1570 1493 vegetabile,
1593 1464 1659 1492 prae
1679 1464 1741 1485 cae·

223 1507 291 1537 teris
310 1508 472 1537 inveniatur
493 1508 521 1537 in
542 1509 650 1545 plantis
669 1509 837 1538 calidiorum
855 1510 1015 1546 regionum.
1055 1511 1099 1538 Ita
1120 1509 1260 1546 Butyrum
1282 1510 1542 1545 Cacaoinhaeret,
1565 1510 1623 1538 sub
1646 1509 1741 1539 forma

221 1559 329 1596 pulpae
361 1559 495 1595 albidae3
524 1560 627 1589 cortici
656 1568 778 1589 carnoso
816 1560 930 1589 fructus
959 1560 1037 1588 ovati
1064 1560 1264 1590 Theobromae
1294 1561 1416 1597 Cacao,
1437 1553 1562 1590 'arboris
1591 1561 1746 1590 Amen-icae

222 1610 386 1645 calidioris,
416 1617 442 1639 et
458 1611 597 1647 Butyrum
622 1611 807 1641 Mosschatae
835 1612 960 1640 nucibus
981 1612 1122 1648 Myristae
1142 1613 1342 1649 m1*1sscliatae,
1372 1613 1481 1641 arboris
1503 1613 1613 1641 insulae
1628 1611 1740 1640 Bandae

221 1660 295 1689 inter
318 1661 482 1691 Molluccas
508 1663 646 1692 celebris:
679 1672 763 1699 quam
788 1663 1017 1692 observationem
1042 1665 1192 1693 confirmat
1214 1665 1304 1699 Cera,
1336 1673 1349 1693 a
1370 1665 1480 1700 Buryro
1500 1663 1653 1700 vegetabili
1679 1668 1740 1692 non

222 1711 279 1739 nisi
307 1712 435 1747 pauxillo
459 1713 593 1751 oxygenii
616 1714 745 1750 diversa,
771 1723 841 1750 quae
862 1723 923 1743 cera
946 1715 1001 1743 late
1024 1715 1138 1750 quidem
1168 1715 1296 1751 dispersa
1318 1722 1360 1743 est
1387 1723 1437 1751 per
1459 1721 1575 1751 reguum
1599 1710 1745 1749 vegetabi-

222 1762 268 1797 3⁸3
290 1763 446 1799 ingreditur
467 1766 558 1801 enim,
579 1766 719 1802 probante
743 1765 893 1801 Procstio,
917 1765 1056 1794 foeculam
1084 1765 1269 1802 plurimarum
1293 1766 1474 1801 plantarum,
1496 1765 1592 1801 pollen
1615 1764 1737 1799 florum,

225 1813 436 1850 multarumque
466 1816 599 1845 arborum
628 1817 765 1846 foliorum
796 1816 978 1853 superficiem
1008 1817 1062 1845 sub
1091 1816 1162 1844 facie
1190 1817 1365 1852 splendente.
1412 1816 1537 1845 Pleniori
1562 1823 1654 1844 tamen
1677 1816 1747 1844 luce-

224 1863 455 1894 tollustratarum
480 1868 629 1904 regionum
649 1868 805 1899 nonnullae
826 1870 939 1905 plantae
970 1877 1033 1898 cera
1062 1869 1131 1898 adeo
1159 1875 1228 1898 sunt
1250 1867 1374 1904 divites,
1401 1874 1433 1896 ut
1455 1867 1484 1896 iu
1509 1875 1592 1896 usum
1615 1875 1743 1896 oecono—

1685 1925 1739 1947 mv

251 1993 316 2024 (ιι)
332 1996 425 2019 σηοω.
439 1996 466 2021 L.
478 1998 508 2022 L.
523 2005 547 2027 p.
562 1999 598 2027 39.
