1913 2427
681 136 1064 170 ORATIO.
1568 141 1604 164 αι

145 228 260 262 Medici
287 233 318 259 et
343 226 382 259 ad
401 232 500 259 artem
527 226 628 270 ipsam
654 225 909 269 amplificandam
935 223 1147 256 incedendum
1166 223 1224 261 sit,
1246 232 1335 254 nunc.
1352 224 1386 254 A.
1410 223 1446 254 Α.
1469 220 1609 251 breviter

144 287 266 324 videre,
298 295 315 315 a
340 296 374 316 re
400 285 507 315 nostra
532 283 616 314 haud
640 282 779 314 alienum
802 283 872 315 erit.
908 281 1126 313 Fundamenta
1151 280 1307 312 Theoriae
1333 280 1453 321 jacere,
1476 279 1555 319 quin
1578 282 1610 306 et

145 343 247 386 ipsam
287 341 455 372 Theoriam
490 339 643 378 femare,
673 346 782 382 postea
811 339 941 370 demum
972 338 1200 382 experientiam
1228 336 1267 367 ad
1292 335 1446 367 auxilium
1475 344 1607 371 vocare,

143 410 226 442 quae
253 397 338 428 illam
364 396 545 434 confirmet,
568 397 717 427 insanum
747 407 856 428 revera
882 397 964 434 erit;
990 396 1109 439 quippe
1127 406 1185 426 nec
1201 392 1412 425 ratiocinandi
1431 391 1530 429 ratio,
1553 400 1611 420 ne-

143 467 207 498 que
227 456 442 498 experimenta
464 454 504 486 ad
525 465 593 485 rem
623 453 862 493 illustrandam,
884 464 942 483 nec
964 451 1167 495 philosophia
1188 448 1461 493 hypernaturalis‚
1488 457 1611 489 germa-

143 523 223 543 num
255 512 342 543 hunc
379 511 527 542 scientiae
561 510 700 541 medicae
735 510 857 540 iontem
882 509 1003 552 aperire
1037 515 1198 552 poterunt.
1243 508 1331 549 Ager
1360 512 1482 541 autem,
1507 502 1612 533 adhuc

144 568 313 607 colendus,
343 567 451 609 largus
478 574 509 598 et
538 566 704 598 abundans
739 567 856 609 pariter
883 572 950 604 est,
982 572 1018 597 ut
1046 565 1140 596 multi
1173 563 1295 595 fructus
1321 569 1352 593 et
1377 561 1513 604 jucundi
1538 559 1616 590 inde

143 625 251 668 colligi
283 625 423 668 possint;
451 624 567 655 arctior
598 629 704 654 autem
737 623 879 660 Medico,
913 623 970 665 qui
993 623 1160 665 empiriam
1185 632 1226 651 ex
1251 617 1528 650 observationibus
1552 616 1614 647 erit,

143 683 342 713 inventurus.
388 683 462 720 Quo
485 681 661 712 accuratius
684 679 887 718 observabit,
910 690 978 721 quo
1008 678 1108 720 magis
1136 676 1272 708 aliorum
1301 676 1467 707 observata
1493 673 1532 704 ad
1562 683 1612 703 re-

141 738 250 781 gulam
275 738 415 769 criticam
433 736 562 773 referet,
586 748 625 768 eo
648 735 769 768 felicior
794 735 935 780 profecto
952 737 986 766 in
1003 734 1185 777 delegendis
1202 733 1346 777 partibus
1362 732 1421 762 erit
1438 740 1616 762 successus.

143 796 208 834 Qui
239 801 344 825 autem
373 786 573 837 disciplinam
602 793 829 832 scieussficam,
859 793 911 824 vel
940 793 1127 823 universum
1158 790 1334 822 medicinae
1357 788 1545 829 objectum,
1571 785 1611 816 ad

143 862 221 883 usus
254 853 407 902 prae-ticos
428 850 588 888 conferat,
620 850 711 881 nullo
745 850 844 892 hujus
878 857 932 880 aut
965 849 1015 880 vel
1039 849 1201 880 rationum
1229 847 1439 890 peculiarium
1467 843 1617 875 examine

147 908 313 947 instituto,
344 907 433 950 quod
465 908 542 950 ipsis
564 908 630 939 suis
653 915 708 938 aut
729 907 866 938 aliorum
889 905 1167 937 οὺεθηιιῑίοιιὼιιε
1196 904 1380 938 conveniat,
1404 912 1504 944 aeque
1531 898 1613 930 infe·

141 963 245 995 liciori
277 964 428 1010 gaudebit
462 971 600 1004 eventu,
632 971 727 1007 atque
754 964 860 996 omnis
886 963 956 1001 ille,
979 964 1054 1005 qui,
1079 973 1204 993 summa
1231 962 1265 992 in
1293 960 1534 991 observatarum
1560 967 1613 986 re·

141 1032 215 1052 rum
258 1022 406 1063 congerie
433 1021 593 1064 practica,
618 1021 740 1053 nullam
769 1022 925 1052 rationem
951 1018 1157 1050 sciemificam
1188 1025 1333 1054 secutus,
1359 1016 1471 1047 mediis
1497 1012 1615 1044 errabit

143 1078 179 1108 in
214 1077 322 1110 undis.
375 1080 484 1108 Artem
525 1085 631 1110 autem
665 1077 887 1115 scientificam,
915 1088 998 1119 quae
1027 1087 1095 1119 pari
1126 1086 1221 1118 passu
1256 1075 1290 1105 in
1323 1073 1407 1104 diem
1435 1070 1620 1115 perficitur,

142 1135 316 1178 Empiriam
341 1134 530 1166 arctioribus
554 1134 711 1166 limitibus
738 1134 1072 1177 circumscripturam‚
1095 1142 1291 1174 omnemque
1316 1130 1421 1167 illius,
1444 1128 1500 1158 vix
1521 1137 1556 1157 ac
1573 1137 1616 1157 ne

140 1192 198 1224 ..vix
221 1191 353 1234 quidem
377 1191 578 1228 evitandam,
602 1191 863 1223 incertitudinem
890 1197 984 1233 atque
1011 1200 1152 1221 errorem
1178 1188 1412 1219 diminuturam
1440 1184 1531 1223 fore,
1556 1193 1619 1214 nos

143 1247 234 1279 facile
267 1256 485 1291 exspectemus
550 1249 744 1281 Moneamus
772 1255 878 1280 tamen
903 1248 1040 1290 pariter,
1065 1246 1295 1288 Empiiismum
1317 1241 1502 1274 rationalem
1527 1251 1619 1271 sum·

144 1316 200 1336 mo
248 1315 323 1336 cum
357 1305 465 1336 studio
497 1316 565 1337 esse
586 1305 774 1342 colendum,
797 1306 918 1348 quippe
947 1306 981 1335 in
1006 1303 1097 1335 omni
1124 1302 1214 1345 praxi
1235 1299 1423 1338 exercenda,
1449 1298 1489 1329 ad
1505 1297 1619 1335 sslum‚

143 1372 212 1393 non
243 1361 346 1392 dicam
370 1362 474 1394 solum
489 1369 567 1402 ,ast
589 1362 715 1393 fidelem
740 1362 891 1393 comitem
913 1361 1085 1404 confugere
1108 1370 1168 1390 nos
1194 1357 1367 1402 oportebit.

184 1420 338 1450 Accurata
379 1420 477 1461 igitur
507 1426 539 1450 et
577 1426 729 1462 perpetua
761 1419 942 1451 observatio
974 1417 1208 1460 simpliciorum
1232 1414 1406 1457 organismi
1429 1419 1526 1455 atque
1557 1421 1618 1441 na‘

142 1481 231 1506 turae
258 1475 466 1514 relationum;
487 1483 557 1506 tum
580 1476 689 1508 sedula
713 1475 926 1509 Praeticorum
956 1475 1160 1511 exercitatio,
1186 1477 1344 1515 quantum
1372 1469 1503 1511 quidem
1530 1466 1612 1498 indi-

144 1532 244 1564 vidua
280 1531 505 1574 diagnostices‚
532 1534 746 1576 materiaeque
776 1533 917 1565 medicae
938 1519 1103 1562 observata
1130 1529 1229 1560 literis
1254 1527 1467 1564 mandatum,
1496 1524 1617 1572 Medici.

143 1598 269 1619 summa
295 1594 391 1631 atque
416 1600 482 1619 una
505 1590 565 1620 erit
590 1591 767 1633 provincia.
813 1588 1016 1632 Adjiciendae
1041 1593 1136 1618 erunt
1147 1596 1233 1629 ipsae
1252 1583 1509 1621 obserxafiones,
1532 1590 1616 1623 quas

141 1636 216 1675 oiim
252 1644 388 1675 aliorum
423 1645 598 1678 observatis
623 1646 914 1690 comparabit.Se
876 1644 1042 1688 Seligenda
1068 1643 1196 1674 tandem
1221 1647 1339 1677 erunt,
1364 1650 1454 1671 m01e
1480 1638 1613 1677 critico,

142 1704 224 1744 quae
249 1702 278 1732 ei
300 1701 333 1732 in
359 1712 489 1734 omnem
515 1710 637 1746 partein
664 1705 828 1747 graviora,
853 1709 947 1746 atque
962 1702 1023 1737 ita,
1045 1702 1117 1743 jure
1135 1702 1265 1737 merito,
1286 1695 1503 1729 commendari
1518 1700 1549 1725 et
1570 1692 1615 1723 af-

142 1757 263 1789 firmari
295 1768 390 1801 posse
413 1760 575 1793 videmur.
620 1760 799 1803 Indulgent,
825 1761 941 1803 igitur,
964 1766 1096 1789 naturae
1126 1763 1155 1787 et
1178 1756 1348 1786 hominum
1382 1750 1615 1796 speculationi,

144 1825 243 1858 quae,
267 1815 307 1846 ‘dd
331 1826 427 1847 usum
453 1817 536 1848 vitae
557 1824 590 1850 et
615 1819 690 1849 artis
717 1825 801 1849 recte
826 1823 1073 1858 constanterque
1097 1812 1258 1853 adhibita,
1281 1811 1423 1842 Medicos
1444 1806 1619 1839 rationales

143 1878 175 1903 et
208 1870 382 1909 modestos,
408 1884 576 1916 nunquam
605 1886 681 1907 vero
703 1874 912 1917 speculationi
939 1874 1144 1917 sophisticae,
1167 1880 1271 1914 quae,
1293 1865 1478 1899 fictionibus
1505 1862 1619 1896 indut-

142 1939 238 1973 Ερμῆ,
263 1935 443 1971 arrogantes
470 1937 501 1963 et
529 1932 641 1964 inanes
656 1932 764 1971 efficit.

484 1989 503 1993 ,ι
710 1977 714 1983 ·
838 1988 865 2020 C
888 1999 909 2030 3
1549 1977 1618 2007 Hoc
