1913 2427
229 117 271 151 30
475 118 514 148 H.
581 117 618 148 C.
685 125 795 148 vsu
861 124 966 147 nnn
1031 116 1212 147 BOON
1281 118 1519 150 MESCH

227 210 290 234 tum
314 203 374 232 fieri
394 210 508 241 potest,
537 203 775 238 conditionibus,
796 201 1012 238 quaslsingulae
1025 201 1055 231 in
1072 211 1122 231 sua
1139 203 1229 239 patria
1247 204 1374 241 singulas
1397 206 1597 244 experiantur,
1619 207 1747 240 colendiz

225 257 355 294 Quarum
371 256 553 293 plantarum,
576 255 703 284 examine
723 254 853 283 chemico
871 257 1028 290 suscepto,
1049 254 1164 283 inventa
1177 255 1338 292 principia,
1360 257 1520 294 horumque
1535 265 1562 287 et
1578 260 1743 297 quantitas,

225 307 435 346 proprietates,
465 314 637 342 mutuaeque
660 310 725 335 cuni
751 306 814 334 aliis
835 305 1003 334 materiebus
1032 307 1153 341 copulae
1174 307 1276 336 debent
1297 308 1420 337 conferri
1444 317 1518 338 cum>
1539 310 1576 338 iis
1606 310 1635 339 in
1656 311 1744 341 natali

225 360 383 388 earumdem
414 359 573 395 plantarum
605 359 668 386 solo
697 357 840 394 reperti53
877 357 949 385 hanc
981 357 1117 386 habemus
1142 366 1240 387 veram
1265 359 1358 395 viam,
1384 368 1441 396 qua
1462 367 1576 397 pateat,
1603 362 1674 397 quid
1695 363 1744 391 sol

225 416 349 447 praestet
372 410 500 446 plantis,
531 409 602 444 quid
625 415 747 437 caeterae
777 409 978 443 conditiones,
1006 415 1033 437 et
1057 417 1112 444 qua
1143 412 1246 446 procul
1269 411 1358 439 dubio
1386 411 1513 441 chemica
1541 412 1742 449 vegetabilium

225 462 346 492 scientia
366 461 509 498 plurimos
533 459 619 488 faciat
642 469 832 497 progressus,
861 460 1007 495 simulque
1029 460 1105 490 haud
1126 463 1282 497 spernenda
1303 461 1424 492 forsitan
1449 463 1614 492 adferantur
1633 463 1745 492 emolu-

226 520 320 544 menta
340 513 379 541 rei
406 511 616 541 oeconomicae.
658 513 731 541 Sane
754 513 906 541 dolendum
931 518 989 547 est,
1020 520 1113 540 earum
1144 513 1225 542 etiam
1252 515 1432 551 plantarum,
1459 523 1532 551 quae
1561 521 1638 544 extra
1661 522 1743 545 suam

226 564 346 601 patriam
368 564 423 592 late
446 570 655 600 pervagantur,
684 564 714 592 in
736 564 847 593 dissitis
880 563 962 592 terris
981 570 1115 592 crescunt
1138 571 1165 592 et
1191 566 1265 594 haud
1292 575 1354 595 raro
1380 567 1452 595 laete
1476 568 1631 601 coluntur,
1651 566 1743 595 rarius

222 615 355 652 analysin
383 623 445 644 esse
468 621 648 651 susceptam,
671 616 817 652 hujusque
842 621 963 644 eventus
985 623 1046 643 esse
1064 624 1245 652 comparatos
1269 626 1333 646 cum
1357 618 1412 654 iis,
1441 626 1516 654 quos
1534 618 1563 647 in
1580 625 1631 647 sua
1651 617 1743 654 patria

226 668 321 696 eadem
338 667 468 703 indagata
484 667 651 703 vegetabilia
673 667 750 695 dant.
774 684 807 689 —
829 667 965 703 Superest
980 667 1034 703 jam
1052 667 1105 696 alia
1127 668 1298 705 difficultas,
1320 679 1378 705 qua
1393 670 1483 698 hocce
1497 675 1585 705 caput
1595 669 1745 705 premitur.

227 719 303 746 Sunt
327 718 460 747 nimirum
483 718 620 754 physici,
642 719 692 753 qui
717 719 842 746 suuntur
867 719 998 754 quidem,
1026 718 1230 754 principiorum
1256 721 1456 756 vegetabilium
1477 720 1675 757 proximorum
1696 728 1746 750 va·

229 770 356 798 rietatem
393 769 422 797 in
452 770 562 797 diversa
594 769 708 806 regione
737 778 798 797 esse
828 771 992 804 diversam;
1029 769 1100 798 lianc
1132 777 1222 800 autem
1257 772 1411 808 opinantur
1439 773 1618 801 derivandam
1644 780 1707 801 esse
1726 780 1745 801 τ.

227 821 374 856 calorico,
401 821 481 856 quod
504 821 548 849 sol
578 820 687 857 spargit
715 820 806 856 majus
831 821 961 849 minusve
982 820 1012 849 in
1036 822 1112 849 varia
1135 823 1245 851 telluris
1270 823 1394 859 regione.
1435 823 1578 859 Equidem
1601 824 1671 852 nolo
1695 824 1745 852 de-

227 874 338 902 trahere
363 873 489 901 calorico
514 873 654 909 insignem
684 872 860 907 efficaciamt,
899 879 998 901 contra
1027 873 1156 909 affirmo,
1183 874 1259 903 vires
1285 874 1399 903 calorici
1417 896 1427 909 ‚
1466 881 1498 902 ut
1522 882 1692 911 magnopere
1715 874 1746 903 in

228 923 361 953 fossilem
384 924 546 959 materiem,
569 925 608 952 ita
629 925 719 952 multo
740 923 829 959 magis
853 923 944 952 valere
967 923 996 951 in
1018 924 1219 961 vegetabilem,
1252 932 1279 954 et
1301 925 1503 954 incredibiliter
1532 926 1608 955 varia
1636 926 1745 955 ratione

229 974 348 1002 incitare
378 981 405 1002 et
424 974 563 1002 moderari
590 974 798 1002 diversissimas
827 974 986 1009 plantarum
1016 974 1110 1010 vires;
1146 984 1243 1004 verum
1270 978 1335 1005 talis
1366 978 1478 1005 videtur
1507 976 1599 1006 Lucis
1622 983 1744 1012 natura,

231 1032 263 1053 ut
285 1034 342 1053 eam
366 1025 518 1053 comitetur
539 1025 663 1052 multum
688 1024 824 1059 caloriei,
854 1024 883 1052 in
904 1024 966 1060 ipsa
984 1023 1076 1053 Lucis
1101 1027 1216 1055 materia
1239 1026 1337 1055 forsan
1358 1026 1462 1062 ligati,
1492 1028 1643 1061 lucemque
1667 1027 1747 1055 desei

231 1078 320 1107 tentis
340 1085 497 1114 corporum
515 1078 688 1106 terrestrium
706 1084 826 1106 attactu.
867 1077 1009 1105 Praeterea
1023 1077 1140 1112 nescio,
1165 1085 1301 1113 quaenam
1316 1084 1482 1114 argumenta
1497 1078 1637 1114 probent,
1659 1077 1749 1115 insig-

231 1137 282 1160 nes
306 1128 517 1165 principIOrum
535 1129 736 1165 vegetabilium
755 1128 926 1157 mutationes
939 1137 998 1157 non
1017 1129 1090 1159 lucis
1105 1129 1246 1158 materiem
1266 1130 1398 1158 inducere
1414 1130 1462 1158 sed
1479 1130 1634 1158 caloricum
1653 1130 1745 1167 (43).

269 1181 413 1210 Ducimus
428 1189 528 1217 operae
541 1182 663 1217 pretium
682 1180 874 1217 perscrutari,
897 1180 992 1216 qualis
1017 1181 1055 1209 sit
1072 1180 1195 1209 chemica
1212 1182 1370 1217 plantarum
1393 1180 1503 1210 indoles
1532 1180 1561 1209 in
1582 1181 1648 1209 altis
1665 1189 1748 1210 mon-

230 1234 305 1262 tium
324 1232 523 1262 cacumiiiibus
542 1233 749 1267 crescentium,
779 1240 902 1268 quorum
928 1232 1045 1259 dorsum
1070 1238 1097 1260 et
1120 1233 1204 1259 latera
1225 1237 1340 1259 constat
1361 1231 1489 1267 excipere
1509 1229 1652 1259 materiam
1675 1231 1748 1260 lucis

230 1286 351 1321 solaris,
373 1286 514 1315 dimittere
531 1294 597 1314 vero
619 1287 691 1314 solis
709 1286 883 1321 caloricum3
912 1293 984 1321 quae
1004 1283 1194 1320 experimenta
1216 1283 1331 1319 majoris
1355 1283 1448 1310 forent
1470 1281 1606 1310 momenti
1629 1281 1748 1311 clarius·

231 1346 290 1373 que
313 1338 386 1366 hanc
417 1337 613 1374 quaestionem
639 1338 839 1372 illustrarent,
868 1337 924 1365 nisi
953 1337 1107 1371 obstaret,
1141 1336 1221 1372 quod
1250 1335 1415 1363 istiusmodi
1447 1335 1559 1371 plantae
1597 1341 1747 1365 montanae

233 1394 351 1417 utantur
370 1389 430 1416 a‘ere
447 1387 546 1416 rariori
562 1409 572 1423 ‚
600 1388 725 1424 leviori,
755 1389 898 1424 nimisque
922 1388 1038 1425 frigido.

270 1439 371 1468 Liceat
398 1439 444 1467 1116
469 1440 587 1476 adjicere
612 1440 792 1468 Humboldtit'
816 1440 918 1468 verba:
956 1460 973 1474 ,‚
993 1438 1036 1466 La
1056 1438 1174 1466 lumiere
1199 1438 1238 1466 du
1261 1438 1343 1466 soleil
1369 1443 1396 1466 et
1414 1437 1462 1466 des
1485 1443 1573 1466 astres
1595 1436 1747 1466 s'affoiblit

233 1511 257 1526 .„
278 1491 347 1519 dans
377 1499 432 1519 son
455 1498 575 1526 passage
596 1499 647 1527 par
670 1491 730 1519 l'air
753 1491 1008 1527 Atmospherique.
1050 1490 1134 1519 Cette
1154 1490 1312 1518 extinction
1336 1490 1370 1517 de
1393 1490 1418 1518 la
1440 1488 1558 1517 lumiere
1579 1488 1690 1525 depend
1713 1489 1748 1518 de

235 1560 255 1577 ‚‚
276 1542 302 1569 ia
322 1541 431 1569 densite
454 1541 504 1570 des
521 1542 647 1571 couches
669 1542 758 1578 d'air;
780 1543 832 1571 elle
851 1549 892 1571 est
914 1552 963 1579 par
986 1550 1164 1579 consequent
1184 1544 1253 1578 plus
1278 1542 1366 1570 soible
1397 1550 1432 1570 au
1455 1546 1578 1570 sommet
1602 1541 1652 1568 des
1676 1541 1748 1569 hau-

235 1613 257 1628 „
277 1599 320 1621 tes
352 1599 541 1629 montagnes,
570 1600 598 1622 et
627 1595 702 1630 plus*
718 1594 792 1623 forte
820 1603 854 1623 au
878 1595 979 1623 nive-au
1003 1596 1051 1624 des
1079 1601 1165 1623 mets.
1208 1594 1287 1622 Dans
1314 1594 1339 1621 le
1367 1593 1458 1621 calcul
1479 1592 1513 1621 de
1538 1593 1564 1620 la
1591 1592 1666 1620 table
1692 1591 1753 1621 sui-

236 1664 256 1680 „
276 1650 360 1672 vante
384 1653 422 1672 on
451 1644 496 1673 n'a
520 1653 571 1681 pas
602 1654 636 1673 eu
659 1647 743 1682 egard
763 1655 818 1674 aux
843 1654 984 1682 vapeurs,
1016 1646 1066 1682 qui
1089 1645 1349 1674 accidentellement
1377 1652 1407 1672 se
1429 1649 1563 1671 trouvent
1588 1643 1748 1679 repandues

236 1715 257 1731 „
277 1697 346 1726 dans
369 1697 441 1725 l'air.
487 1697 534 1726 On
559 1707 574 1726 a
596 1699 744 1727 considere
765 1700 790 1727 le
810 1699 989 1735 phenomene
1021 1699 1054 1726 de
1076 1697 1255 1725 l'extinction
1280 1696 1313 1724 de
1336 1696 1362 1724 la
1390 1694 1508 1723 lurniere
1532 1695 1590 1729 tel,
1619 1694 1691 1730 qu'il
1718 1702 1749 1723 se

239 1768 259 1783 „
279 1749 466 1783 presenteroit
494 1750 563 1777 dans
593 1758 632 1778 un
664 1751 704 1779 air
733 1757 909 1787 transparent
936 1758 962 1780 et
991 1752 1060 1780 dans
1086 1752 1178 1786 lequel
1200 1750 1272 1779 l'eau
1294 1757 1338 1778 cst
1359 1748 1557 1786 parfaitcment
1582 1749 1743 1785 vaporisee.

240 1819 259 1834 „
279 1798 321 1827 La
345 1800 446 1835 grande
473 1807 672 1838 transparence
701 1803 734 1832 de
763 1803 825 1832 l'air
847 1811 917 1833 sous
949 1805 991 1834 les
1022 1803 1172 1841 tropiques
1198 1802 1250 1831 fait
1283 1809 1338 1837 que
1363 1801 1452 1829 meme
1474 1809 1490 1829 a
1513 1800 1593 1837 egale
1625 1799 1745 1829 hauteur

1720 1850 1752 1879 la

1685 1870 1704 1886 ’ἱ

268 1959 329 1989 (43)
343 1961 412 1984 conf.
430 1958 444 1987 ς
457 1968 476 1983 ι.
490 1968 514 1984 et
527 1968 549 1986 2.
