1913 2427
221 138 265 171 32
599 141 956 173 JACOBI
1044 142 1354 175 LANDT

264 226 456 256 Indicationes
478 227 590 257 tandem
613 234 771 265 supersunt
793 227 993 256 individualeS.
1033 228 1147 256 Docent
1168 227 1255 266 hujus
1282 230 1390 265 generis
1413 229 1585 267 indicantia,
1614 238 1671 267 qua
1692 239 1735 260 ra-

228 277 307 306 tione
328 279 468 314 morbus,
490 279 542 315 qui
565 285 654 307 certas
676 278 846 314 quibusdam
871 278 900 306 in
923 277 1089 307 hominibus
1111 279 1284 308 mutationes
1305 280 1412 316 patitur
1433 280 1598 318 specificas,
1625 282 1654 311 in
1676 282 1739 311 uni-

230 337 267 357 co
293 330 416 365 quodam
437 336 564 358 mutetur
585 329 755 365 individuo,
777 330 814 358 ob
835 329 1014 358 conditiones
1040 329 1107 358 huic
1134 339 1217 367 aegro
1243 331 1355 367 privasg
1386 332 1492 367 quidve
1514 332 1543 360 in
1566 341 1633 361 cura
1658 340 1741 369 gene-

232 379 284 408 rali
305 380 392 418 hujus
416 381 510 409 morbi
526 380 563 410 ad
586 380 725 416 ejusmodi
752 379 930 408 individuum
960 379 1147 416 applicanda,
1178 383 1345 411 mutandum
1370 382 1419 411 sit.
1462 383 1587 412 Constat
1609 392 1642 412 ex
1667 384 1742 420 Phy-

234 431 404 468 siologicis,
438 431 596 467 unicuique
625 430 736 459 homini
765 439 836 459 sano
864 439 944 459 suam
975 438 1036 459 esse
1061 432 1220 463 sanitatem.
1259 434 1355 462 Posita
1386 435 1460 463 cuim
1487 435 1568 464 velut
1594 435 1623 464 in
1648 436 1741 464 medio

232 482 441 518 perfectissima
461 483 599 518 sanitate,
620 482 687 511 hinc
705 488 733 510 et
751 482 818 510 hinc
841 481 993 510 deflectunt
1012 483 1151 518 plurimae
1170 484 1351 514 conditiones
1373 486 1542 520 hominum,
1563 494 1654 522 quac,
1675 486 1743 515 licet

234 533 368 562 sanitatis
392 534 542 563 latitudine
570 533 866 570 comprehendantur,
895 533 1082 563 strictissimo
1108 542 1200 564 tamen
1230 544 1318 565 sensu
1353 537 1391 565 ita
1414 537 1471 565 dici
1497 544 1661 573 nequeunt3
1689 545 1742 566 nec

231 591 326 613 tamen
345 585 463 614 morbos
484 585 576 614 dicere
596 586 693 621 dccet,
724 585 792 620 quia
815 585 897 614 facile
920 585 1051 614 fei-untur
1072 593 1100 614 et
1118 595 1183 615 cum
1207 588 1370 616 constantia
1393 588 1582 617 nihilominus
1604 597 1743 625 peragun-

232 642 281 664 tur
302 635 489 672 functiones;
511 637 601 666 immo
622 637 667 666 vel
687 636 842 665 nonnullae
866 637 1065 665 conditionum
1086 639 1389 674 praeternaturalium,
1410 647 1482 674 quas
1504 639 1673 675 Pathologia
1695 647 1743 667 ex-

232 687 337 724 ponit,
358 688 414 717 huc
435 689 595 724 pertinent,
617 697 689 724 quae
713 688 828 723 quidem
854 694 964 724 praeter
985 688 1124 718 Naturam
1142 696 1231 724 suut,
1262 691 1311 718 sed
1331 690 1406 718 haud
1431 690 1470 718 ita
1490 698 1609 727 graves,
1631 695 1664 718 ut
1687 698 1741 726 pro

231 738 340 767 morbis
366 738 461 768 haberi
481 739 607 775 possint.
647 739 726 774 Hae,
757 747 829 774 quas
860 739 1051 768 Seminiorum
1082 739 1222 768 Doctrina
1251 741 1354 776 tradit,
1383 741 1498 771 maximi
1524 741 1554 769 in
1578 741 1658 777 praxi
1682 749 1745 770 mo-

232 789 320 817 menti
344 796 429 825 suut,
451 790 588 825 quoniam
610 789 778 826 saepissime
797 798 914 818 caussas
944 789 1053 818 sistunt
1077 790 1269 820 mutationum
1297 798 1325 819 et
1347 792 1602 828 complicationum
1626 792 1744 821 morbo-

232 848 314 875 rum,
344 847 416 876 quae
447 841 687 870 modificationem
716 840 842 869 indicant
869 840 996 868 methodi
1020 841 1168 878 cujusdam
1192 842 1339 878 medendi,
1365 843 1523 879 unicuique
1547 844 1745 874 accommoda-

234 897 292 920 tam
317 891 410 928 (εει).
450 892 518 922 Huc
543 901 610 930 ergo
632 893 774 930 pertinent
794 900 838 921 res
860 892 989 928 quinque
1014 893 1176 928 naturales,
1205 893 1347 929 pertinent
1369 894 1436 922 item
1466 894 1609 930 potentiae
1637 902 1744 923 nocen-

232 949 296 978 tes,
318 942 384 979 (res
405 952 454 972 sex
473 952 533 973 non
553 944 715 982 naturales)
737 952 858 980 quarum
883 943 1003 972 influxui
1025 952 1091 980 prae
1119 945 1182 973 aliis
1207 945 1370 981 expositum
1401 944 1489 974 fuerit
1507 945 1649 981 ejusmodi
1671 945 1745 974 indi·

231 993 369 1029 viduum,
390 994 508 1023 seminia
529 995 646 1032 propria
668 995 805 1023 naturalia
827 1002 855 1023 et
878 1003 936 1023 nou
959 995 1116 1030 naturalia,
1144 1001 1205 1023 tum
1232 1002 1260 1024 et
1282 995 1387 1025 notitia
1415 995 1499 1024 stadii
1522 995 1617 1024 morbi
1644 996 1745 1032 ejusve

232 1044 356 1080 indolis,
379 1053 414 1074 an
434 1045 556 1081 simplex
577 1045 630 1080 sit,
652 1054 687 1074 an
712 1045 916 1081 compositus,
945 1052 994 1074 aut
1016 1047 1205 1082 complicatus
1228 1047 1286 1084 (23
1296 1048 1320 1084 ).
1362 1046 1406 1075 Ita
1424 1055 1456 1076 v.
1479 1055 1508 1084 g.
1531 1055 1612 1084 aeger
1633 1046 1743 1076 laboret

233 1094 312 1124 febre
331 1096 450 1132 biliosa,
471 1097 505 1125 de
523 1106 579 1133 qua
601 1103 716 1126 constat
740 1097 929 1133 sequentibus
951 1097 1172 1133 phaenomenis3
1194 1096 1283 1127 febris
1301 1098 1410 1126 invadit
1431 1106 1498 1127 cum
1514 1097 1627 1126 intenso
1643 1104 1742 1133 aestu,

234 1146 301 1182 siti,
322 1148 476 1183 languore,
498 1147 528 1176 in
550 1148 609 1177 dics
628 1148 820 1185 increscente,
842 1148 981 1177 anxietate
1004 1155 1031 1177 et
1048 1149 1265 1186 inquietudine,
1287 1150 1394 1186 quibus
1412 1149 1586 1178 vomitiones
1610 1149 1655 1177 vel
1671 1157 1743 1177 nau-

232 1206 296 1227 seae
319 1205 487 1236 perpetuae,
507 1199 678 1237 dejectiones
700 1200 814 1230 crebrae
835 1200 976 1236 biliosae,
997 1200 1196 1236 tenesmodes‚
1223 1208 1308 1230 anum
1334 1201 1499 1236 erodentes,
1521 1209 1586 1230 curn
1605 1206 1746 1230 extremo·

1681 1259 1745 1281 rum

235 1381 253 1394 ‚‚
268 1368 326 1389 nach
343 1366 421 1389 selnen
434 1367 591 1391 vorurtheilen
604 1369 704 1396 hiezer-3
725 1376 748 1393 u.
761 1375 782 1393 z.
795 1371 848 1394 η’·
875 1371 972 1399 aubert,
989 1372 1003 1394 1.
1016 1373 1035 1393 1.
1045 1386 1054 1398 ,
1076 1370 1162 1398 Proleg.
1188 1371 1260 1400 §XX.
1281 1377 1330 1399 pag.
1344 1375 1379 1397 fl?-
1409 1384 1427 1398 „
1443 1371 1487 1393 Les
1505 1369 1622 1398 principes
1635 1368 1746 1397 genennt

234 1423 254 1437 „
269 1415 320 1432 sont
334 1416 383 1432 sans
395 1412 464 1432 doute
475 1416 567 1438 partout
578 1413 611 1433 les
626 1413 725 1436 maweu
741 1412 796 1434 mais
807 1413 836 1434 ils
849 1413 966 1441 receivent
979 1414 1018 1434 des
1032 1411 1196 1435 modifications
1210 1415 1295 1435 locales
1307 1419 1329 1434 et
1344 1413 1518 1438 accidentales,
1539 1412 1579 1438 qul
1600 1411 1694 1433 doivent
1705 1412 1746 1433 ne·

235 1465 254 1478 ‚‚
270 1451 428 1473 cessairernent
442 1452 522 1473 influet
536 1458 575 1474 sur
591 1453 612 1474 la
629 1454 683 1474 close
698 1457 719 1474 et
732 1453 752 1475 la
764 1452 842 1480 quante
857 1454 896 1475 des
910 1454 1070 1477 medicaxuens.
1085 1462 1111 1470 —
1127 1454 1158 1476 ιι
1173 1454 1408 1482 Τὴεηρευιίηυε,ἀεε
1422 1452 1515 1483 climars
1534 1453 1618 1475 chnuds
1636 1458 1665 1475 ne
1677 1458 1745 1481 pour-

236 1505 255 1519 „
270 1492 315 1513 roit
329 1493 377 1513 eti-e
391 1498 532 1514 exactement
542 1491 563 1515 la
578 1493 649 1515 meme
663 1499 707 1521 que
721 1495 780 1516 celle
792 1496 831 1515 des
843 1501 898 1521 pays
911 1495 1014 1516 froids.”

263 1533 330 1560 (ez)
346 1534 414 1555 conf.
429 1534 497 1560 Baro,
512 1535 535 1556 de
547 1536 657 1562 Augmmt.
673 1536 765 1561 Sciant„
781 1535 830 1557 Lib.
844 1536 883 1558 w.
898 1537 923 1558 C.
939 1541 961 1558 α.

265 1574 332 1602 (22)
347 1573 441 1596 Confer.
457 1576 536 1602 Celsum,
552 1577 567 1597 1.
582 1577 614 1603 1.,
631 1577 700 1598 Praef.
717 1582 764 1602 pag.
779 1582 812 1601 ις.
842 1592 860 1604 ,,
877 1577 956 1603 Neque
977 1576 1081 1603 ignorare
1102 1576 1219 1598 Medicum
1240 1580 1346 1603 oportet,
1369 1581 1426 1602 quae
1443 1575 1472 1596 sit
1492 1573 1550 1602 aegri
1568 1580 1659 1600 natur-:u
1675 1572 1746 1597 huml-

239 1629 257 1642 ,‚
273 1616 325 1637 dum
340 1615 409 1642 magis
422 1622 449 1638 an
462 1615 529 1642 magis
543 1616 628 1638 siccum
643 1616 691 1642 ejus
708 1623 789 1644 corpus
804 1617 848 1643 sit;
863 1617 931 1639 validi
945 1619 1009 1639 nervi
1023 1624 1049 1640 an
1064 1617 1159 1643 infirmi,
1173 1619 1281 1645 frequens
1295 1619 1388 1640 adversa
1401 1617 1521 1641 valetudo,
1539 1621 1565 1638 an
1579 1622 1643 1641 ratu
1659 1621 1730 1644 eaque

239 1671 257 1682 ,‚
272 1661 322 1677 eum
336 1662 385 1681 est,
400 1658 521 1679 vehemens
535 1663 584 1678 esse
603 1659 674 1679 soleat
694 1664 721 1679 an
742 1658 814 1683 levis,
829 1659 904 1680 brevis
917 1665 944 1680 an
957 1661 1037 1685 longa;
1054 1660 1114 1686 quod
1129 1658 1147 1680 is
1162 1660 1222 1681 vitae
1235 1665 1305 1687 genus
1319 1659 1346 1680 sit
1360 1663 1465 1683 secutus,
1487 1657 1622 1679 laboriosum
1640 1663 1667 1679 an
1680 1657 1746 1684 qule-

235 1712 253 1723 „
269 1701 332 1723 tum,
346 1703 397 1719 cum
409 1696 462 1719 luxu
477 1704 503 1719 an
517 1703 567 1720 cum
582 1699 715 1725 frugalitate.
745 1699 779 1720 Ex
792 1699 824 1720 his
843 1699 902 1720 enim
921 1699 1076 1726 similibusque
1094 1706 1161 1727 saepe
1180 1700 1273 1721 curandi
1293 1705 1352 1721 nova
1371 1699 1428 1720 ratio
1443 1698 1624 1720 ducenda'est.··
1654 1699 1705 1720 vid.
1720 1703 1746 1720 et

238 1739 339 1765 amen,
359 1738 376 1759 l.
396 1740 428 1766 1.‚
449 1740 520 1762 Praef.
536 1740 580 1767 57.
603 1746 652 1767 ρας.
666 1745 680 1765 4
692 1746 716 1761 et
727 1746 749 1766 5.
773 1746 795 1761 et
815 1739 872 1766 §10-
895 1746 943 1767 μσς.
961 1746 992 1763 1¹.
1025 1741 1054 1768 J.
1069 1741 1092 1764 c.
1111 1742 1137 1762 G.
1152 1741 1295 1767 Athaman»,
1312 1741 1380 1762 [nesle.
1400 1740 1485 1766 Tharap.
1508 1740 1576 1765 cm,
1598 1739 1621 1760 Ρ.
1636 1739 1652 1760 ῐ.
1675 1741 1701 1762 c.
1717 1739 1746 1762 n.

239 1778 252 1804 S
266 1784 299 1805 19.
318 1786 365 1806 pag.
380 1779 403 1801 8.
433 1781 496 1806 Reii,
511 1781 527 1801 l.
540 1781 555 1802 1.
565 1795 573 1807 ‚
589 1783 615 1803 c.
630 1781 667 1803 ΙΙΙ.
683 1781 694 1807 §
708 1787 728 1807 7,
747 1788 795 1809 pag.
809 1783 843 1808 ⁶3·
859 1786 882 1802 et
898 1781 927 1802 C.
943 1782 981 1803 lv.
997 1781 1008 1809 5
1024 1787 1055 1803 ιο.
1072 1787 1123 1808 pay.
1138 1781 1186 1805 106.
1201 1782 1238 1803 ubi
1253 1782 1310 1803 haee
1323 1781 1390 1802 hahet
1410 1795 1427 1807 ,,
1439 1781 1502 1801 Eben
1516 1779 1578 1801 darln
1601 1780 1689 1801 bearem
1707 1780 1745 1802 die

240 1833 261 1845 3,
277 1820 412 1847 Pervglzelt,
427 1822 466 1843 das
482 1821 571 1844 wissen
585 1820 607 1843 in
621 1822 658 1844 ein
672 1823 772 1845 naudelu
787 1824 963 1849 iiberzueersen,
978 1822 1028 1844 dass
1043 1822 1085 1844 wlr
1095 1829 1121 1844 es
1137 1823 1271 1850 vei-sichen,
1284 1823 1323 1845 die
1334 1821 1490 1850 Augemeinen
1504 1821 1550 1842 und
1561 1821 1687 1843 abtiracton
1701 1820 1747 1842 ne—

247 1874 266 1886 „
281 1860 344 1887 grifi‘e
359 1863 398 1883 der
411 1863 543 1889 Paihologie
555 1864 601 1886 und
615 1864 726 1892 Therapie
740 1866 780 1886 aus
792 1864 829 1886 ein
841 1864 984 1886 lndivlduum
998 1862 1190 1890 iiberzutngen·”
