1913 2427
720 129 1108 163 ORATIO.
1603 135 1645 169 h)

161 224 251 264 Viri,
274 224 332 268 q'ui
359 222 486 256 illarum
511 222 688 256 sacerdotes
709 224 802 262 estis,
828 235 917 256 more
940 224 1100 268 majorum
1126 233 1163 254 ao
1187 227 1276 255 tanto
1306 233 1440 256 munere
1464 224 1577 269 digne,
1600 228 1639 260 ad

158 282 393 315 sanctissimum
423 292 518 312 suum
543 281 885 324 religiosissimumque
907 281 1003 313 altare
1036 291 1148 312 rursus
1171 280 1319 312 accedere
1352 281 1508 314 viderent.
1568 286 1637 327 Ego

159 340 256 371 etiam
281 350 356 370 cum
386 350 426 370 ex
447 339 593 382 publicae
620 338 730 370 salutis
755 338 994 381 recuperatione
1023 337 1132 376 illum,
1155 348 1251 381 quem
1276 349 1470 382 magnopere
1501 342 1640 384 expetieq

158 406 243 434 ram,
271 395 411 427 fructum
441 395 556 427 ferrem
569 420 580 435 ,
611 406 727 439 magna
758 406 809 426 me
840 406 911 438 spes
936 394 1083 430 tenebat,
1108 406 1182 427 eum
1206 395 1336 426 tandem
1358 395 1502 429 illuxisse
1529 397 1634 438 diem,

159 463 254 491 cum,
279 454 307 484 si
331 452 413 495 quid
439 452 593 496 'temporis
616 464 634 485 e
660 452 845 484 necessariis
867 451 1135 495 occupationibus
1156 453 1278 494 eripere
1308 463 1452 495 possem,
1479 453 1512 485 id
1537 465 1636 487 omne

157 509 194 541 in
219 520 270 541 eas
298 509 417 549 literas,
445 509 564 553 quibus
592 521 716 554 semper
741 509 914 541 delectatus
937 520 1031 547 sum,
1057 509 1243 552 impendere
1272 510 1353 540 mihi
1379 509 1498 544 liceret.
1545 511 1635 553 Quid

154 566 328 611 quaeritis?
357 566 492 598 vixdum
517 578 568 599 res
593 567 722 612 publica
747 566 893 598 restituta
913 573 978 606 est,
1010 577 1086 603 cum
1108 566 1282 597 domestica
1302 566 1390 598 clade
1411 566 1529 600 fractus
1551 579 1636 601 acer-

155 623 287 656 bissima
309 623 508 667 aegritudine
531 624 654 664 elidor,
677 635 744 668 quo
778 635 850 656 meo
874 634 950 655 casu
974 623 1017 654 ita
1046 634 1196 667 oppressa
1221 634 1313 654 mens
1333 631 1401 662 est,
1431 631 1526 667 atque
1549 635 1567 656 e
1586 635 1634 656 se-

155 680 197 712 de
221 691 278 712 sua
298 692 334 712 ac
354 687 439 713 statu
461 680 600 720 dimota,
621 689 657 713 ut
681 692 819 725 quarum
844 681 1008 712 literarum
1029 680 1137 711 studio
1163 691 1279 723 magna
1301 680 1407 711 luctus
1435 691 1508 724 pars
1534 680 1633 713 levari

153 743 189 768 et
221 737 358 781 abstergi
386 745 534 782 potuerat
552 763 561 779 ‚
589 750 701 772 earum
731 749 821 770 amor
846 738 942 770 etiam
969 738 1139 770 restinctus
1175 744 1269 780 atque
1296 737 1425 780 penitus
1453 748 1494 769 ex
1523 737 1633 769 auimo

153 793 286 826 evulsus
314 795 486 827 videretur.

198 851 347 883 Pluribus
381 853 487 885 verbis
517 853 585 885 dixi
607 852 647 885 de
670 864 740 892 me,
767 852 953 892 Auditores,
976 862 1075 895 quam
1094 850 1294 883 consuetudo
1321 862 1391 883 mea
1420 850 1491 884 fert.
1537 851 1636 895 Quod

150 918 351 952 quamquam
385 910 508 942 invitus
535 910 618 951 feci,
640 918 736 954 atque
766 921 880 942 vereor
901 916 938 941 ut
964 908 1117 941 omnibus
1145 910 1220 940 satis
1246 909 1385 952 placeat,
1418 915 1525 940 tamen
1556 909 1638 945 tanti

154 965 237 996 mihi
267 974 339 1007 est,
369 967 404 999 in
434 968 670 1000 nonnullorum
708 967 990 1012 reprehensionem
1029 966 1211 1004 incurrere,
1233 965 1413 997 dummodo
1441 964 1637 1009 praefatione

148 1031 224 1053 mea
248 1034 379 1064 eorum,
401 1025 521 1067 quibus
544 1026 723 1068 plurimum
749 1024 858 1056 tribuo
878 1048 888 1063 ,
912 1024 1010 1055 lenita
1033 1023 1234 1066 aliquantum
1258 1033 1295 1054 ac
1323 1023 1467 1066 mitigata
1485 1023 1526 1053 sit
1549 1032 1638 1054 seve·

153 1077 238 1109 ritas.
289 1080 329 1109 Et
352 1090 393 1111 ne
414 1081 490 1123 quis
519 1080 601 1113 forte
622 1092 673 1113 me
696 1080 848 1112 callidum
871 1080 1038 1111 hommem
1063 1091 1131 1111 esse
1153 1087 1262 1123 putet,
1284 1080 1342 1123 qui
1364 1079 1563 1118 orationem,
1585 1089 1636 1111 re·

153 1134 283 1167 condita
311 1142 343 1167 et
370 1137 526 1179 exquisita
554 1137 699 1170 doctrina
723 1138 885 1178 refertam,
911 1137 1126 1169 simulationis
1146 1137 1317 1169 involucro
1335 1143 1367 1168 et
1384 1137 1476 1179 quasi
1489 1135 1562 1168 velo
1580 1134 1639 1171 ob«

152 1191 281 1223 tendam
295 1215 305 1231 ‚
327 1203 395 1235 quo
423 1194 524 1237 magis
545 1194 610 1233 illi,
633 1196 691 1237 qui
712 1195 867 1233 audiunt,
889 1194 1110 1233 admirentur,
1134 1196 1162 1225 si
1187 1194 1310 1237 ingenii
1340 1193 1405 1224 mei
1435 1203 1495 1224 nec
1520 1193 1634 1236 opina-

153 1254 220 1280 tam
252 1250 476 1293 praestantiam
506 1252 743 1294 perspexerint,
763 1251 850 1285 istud
882 1249 1054 1282 artificium
1078 1252 1114 1283 in
1143 1251 1291 1294 Ulyssem
1316 1250 1456 1293 aliquem
1485 1249 1595 1290 cadat,
1616 1261 1634 1281 a

155 1316 226 1337 mea
254 1307 387 1350 quidem
420 1314 453 1339 et
473 1308 573 1339 animi
597 1306 799 1350 simplicitate
822 1315 855 1340 et
884 1308 1048 1340 doctrinae
1075 1307 1293 1339 mediocritate
1317 1318 1416 1351 quam
1443 1307 1584 1339 alienum
1601 1307 1634 1338 il·

153 1362 213 1394 lud
241 1374 403 1408 quamque
426 1365 523 1409 longe
547 1371 708 1396 remotum
728 1366 786 1405 sit,
810 1366 878 1409 ipsa
894 1366 996 1397 oratio
1015 1365 1199 1397 declarabit.
1244 1365 1370 1397 Etenim
1390 1376 1466 1396 cum
1486 1365 1630 1408 primum

151 1418 231 1452 haec
250 1421 330 1452 mihi
350 1423 515 1466 provincia
531 1423 627 1466 Regis
645 1422 813 1455 voluntate
825 1422 1153 1455 honorificentissime
1171 1422 1274 1454 delata
1291 1429 1358 1460 est,
1382 1422 1469 1453 utin
1486 1421 1545 1452 hac
1564 1431 1630 1461 am-

154 1475 298 1519 piissima
333 1478 493 1510 bonarum
528 1481 646 1512 artium
679 1480 753 1512 sede
791 1480 956 1511 literarum
988 1479 1093 1511 studia
1116 1491 1177 1523 pro
1203 1479 1291 1512 virili
1314 1486 1403 1522 parte
1424 1477 1634 1521 adjuvarem,

151 1533 236 1565 nihil
263 1535 427 1578 antiquius
453 1535 569 1574 habui,
593 1537 762 1570 Auditores
775 1561 784 1576 ,
809 1548 909 1581 quam
933 1543 969 1569 ut
998 1538 1168 1580 utriusque
1189 1537 1348 1574 muneris,
1372 1543 1404 1567 et
1424 1536 1493 1577 ejus
1507 1558 1515 1573 ,
1539 1531 1628 1576 quod

152 1589 382 1634 deponendum
412 1593 511 1633 mihi,
535 1600 567 1625 et
595 1593 713 1637 hujus,
736 1595 826 1638 quod
851 1594 1093 1638 suscipiendum
1113 1601 1216 1634 esset,
1237 1595 1323 1637 justa
1344 1592 1551 1624 contentione
1570 1589 1632 1621 fac-

154 1652 206 1688 ta,
228 1649 263 1679 in
291 1648 428 1692 singulis
451 1650 577 1693 ecquod
605 1652 800 1695 praesidium
834 1653 950 1684 inesset
983 1651 1305 1695 emolumentumque
1329 1651 1477 1686 virtutis,
1503 1655 1630 1678 accura-

154 1708 187 1734 (θ
212 1706 459 1752 perpenderem.
506 1707 633 1747 Quibus
654 1710 741 1741 enim
767 1709 867 1741 literis
888 1709 930 1740 ali
955 1710 1084 1752 ingenia
1107 1717 1139 1741 et
1159 1709 1199 1740 ad
1228 1706 1460 1740 humanitatem
1483 1705 1630 1748 vitaeque

151 1759 340 1804 elegantiam
370 1763 535 1795 informari
558 1765 678 1804 solent,
703 1778 756 1799 eas
776 1768 838 1798 nisi
854 1768 930 1798 item
947 1767 1175 1810 comperissem
1191 1765 1354 1809 justitiae,
1379 1762 1622 1806 temperantiae,

155 1817 358 1860 prudentiae,
379 1822 528 1853 omniurn
556 1822 696 1867 denique
725 1825 904 1862 virtutum,
932 1825 1098 1867 magistras
1123 1834 1159 1855 ac
1184 1822 1413 1867 praeceptrices
1437 1830 1526 1857 esse,
1558 1828 1629 1849 mo-

154 1874 234 1912 riar,
258 1876 285 1906 si
310 1877 527 1910 conditionem
555 1881 757 1924 accepissem.
811 1884 1017 1925 Quamquam
1049 1881 1153 1924 qualis
1180 1880 1308 1912 tandem
1346 1879 1404 1910 ista
1428 1876 1628 1911 humanitas,

153 1941 235 1974 quae
269 1932 464 1966 humanitate
495 1944 614 1976 careat,
646 1938 748 1981 iisque
788 1939 867 1970 orba
907 1940 947 1970 sit
975 1938 1171 1977 virtutibus,
1201 1937 1320 1981 quibus
1344 1935 1491 1967 homines
1518 1930 1630 1962 celeris

147 1989 370 2024 animantibus
398 1993 536 2025 maxime
573 2001 751 2037 praestant,
780 1995 900 2038 quibus
929 2006 1051 2028 nomen
1088 2006 1183 2028 suum
1202 2006 1239 2027 ac
1259 1993 1447 2038 dignitatem
1480 1994 1627 2024 tuentur,

973 2054 996 2084 B
1019 2063 1037 2085 2
1566 2053 1634 2088 41⁰²·
