1913 2427
229 145 297 184 siff:
586 146 645 183 Β,
685 146 736 184 .R·
822 146 849 177 Τ
876 146 920 181 .Π
963 146 1061 183 ΟἺΒ
1104 146 1139 183 Β.
1173 145 1284 183 EVCK
1308 146 1354 185 K·
1383 146 1421 183 Ε4
1447 152 1476 176 .’

254 252 273 268 ,,
294 238 337 260 tae
362 230 525 260 confirmari
549 233 657 268 possit.
698 231 860 267 Superioris
876 232 985 268 generis
1001 233 1168 270 huJusmodi
1186 233 1315 269 exempla
1329 239 1415 262 sunt:
1438 232 1567 264 omniane
1589 235 1680 265 officia
1699 245 1774 274 per-vr

254 303 273 319 ,‚
294 283 368 311 fecta
389 283 468 313 sint?
508 283 587 312 Num
613 283 684 319 quid
710 283 833 311 officium
859 283 935 311 aliud
958 284 1015 312 alio
1042 285 1134 321 majus
1156 284 1216 313 sit?
1242 290 1270 312 et
1295 291 1366 319 quae
1394 292 1464 313 sunt
1487 285 1594 321 generis
1623 288 1758 325 ejusdem.

256 355 274 370 „
298 335 430 371 Quorum
459 341 550 363 autem
572 334 729 363 officiorum
748 340 901 370 ⁴praecepta
921 335 1092 372 traduntur,
1111 343 1150 366 ‘ea
1159 356 1178 370 ,.
1197 343 1367 370 quamquam
1388 335 1530 371 pertinent
1551 337 1586 365 ad
1606 337 1688 366 finem
1711 339 1764 368 bo-

254 406 273 422 „
295 394 417 420 norum,
439 393 533 414 tamen
554 385 584 413 id
610 385 704 413 minus
723 392 860 421 apparet,
882 386 949 421 quia
964 387 1054 424 magis
1078 387 1114 416 ad
1138 386 1347 415 institutionem
1370 386 1444 414 vitae
1467 388 1632 416 communis
1653 396 1765 426 specta-

253 457 272 473 „
293 445 321 464 re
342 437 484 464 videntur.
495 436 513 448 ”
637 441 642 445 ²

291 487 383 516 Prima
403 487 492 524 igitur
512 488 579 516 Pars
599 488 756 517 doctrinam
778 487 888 522 ¹summi
909 487 978 517 boni
998 495 1034 521 *et
1064 488 1264 518 deduc-tionem
1288 487 1459 529 officiQum,
1476 489 1695 527 complectitur,
1717 493 1764 521 dc-

254 547 311 575 que
328 546 425 566 eorum
444 545 543 567 natura
556 525 750 581 estprincipio
766 534 897 567 universe
912 539 1043 568 disserit:
1065 540 1132 568 dum
1151 539 1180 568 in
1203 539 1284 567 Parte
1307 540 1392 567 altera
1413 546 1561 576 praecepta
1584 541 1762 580 officiorum,

252 597 285 617 ex
313 595 391 617 certo
414 589 560 626 principio
585 590 641 626 J'am
668 591 877 625 deductorum,
905 591 939 619 ad
967 592 1041 619 vitae
1066 600 1136 619 usus
1162 591 1374 619 accommodata
1408 591 1568 619 traduntur.
1608 592 1690 622 Hanc
1711 603 1765 630 po..

249 639 396 677 stoi-iorem
414 647 520 676 partem
539 641 637 669 Cicero
660 641 689 669 in
709 641 791 670 libris
815 643 849 670 de
871 641 970 670 officiis
993 648 1093 670 tractat
1114 642 1169 678 (de
1187 641 1261 680 Offic.
1285 641 1309 670 Ι.
1331 642 1401 678 3.);
1423 642 1488 669 dum
1514 641 1690 679 Principium
1714 646 1764 674 de-

250 691 397 721 ductionis
416 692 574 722 officiorum
594 692 624 721 in
640 701 724 728 opere
744 694 778 721 de
793 693 914 722 Finibus
931 693 1133 730 investigatum
1155 700 1183 721 et
1196 692 1380 730 dijudicatum
1396 698 1507 721 censet:
1529 701 1562 720 eo
1583 694 1657 722 enim
1677 704 1762 731 quae-

250 742 342 777 ritur,
372 763 390 777 „
411 743 482 778 quid
505 743 544 771 sit
569 743 655 778 finis,
677 743 747 779 quid
769 750 946 779 extremum,
976 744 1045 779 quid
1066 744 1219 779 ultimum,
1251 752 1310 779 quo
1329 743 1387 772 sint
1412 743 1507 771 onmia
1531 743 1601 772 bene
1627 745 1760 783 vivendi,

249 812 268 828 ,‚
288 800 419 828 recteque
444 793 584 828 faciendi,
604 794 725 823 consilia
746 794 910 823 referenda?
934 794 1003 830 quid
1026 801 1285 830 sequatur-natura
1306 801 1337 822 ut
1353 802 1496 822 summum
1513 802 1547 823 ex
1569 796 1654 825 rebus
1677 806 1762 834 cxpe-

250 863 270 879 „
291 844 402 879 tendis,
422 844 495 880 quid
516 845 609 882 fugiat
626 851 659 873 ut
680 852 837 875 extremum
864 845 1058 874 malorum‘?”
1081 846 1137 882 (da
1159 845 1226 874 Fin.
1252 844 1275 874 Ι.
1296 846 1352 882 4.)

282 894 363 932 Quae
383 904 416 923 ex
445 896 651 925 recentioribus
674 898 808 933 praeclari
827 896 1022 932 Philosophi,
1046 897 1119 925 inter
1140 897 1277 932 antiquos
1299 895 1391 924 Stoici
1411 895 1571 932 imprimis,
1591 897 1760 929 ,divellenda

245 954 261 974 a
281 954 311 974 se
335 947 454 975 invicem
478 953 672 983 putaverunt,
692 948 869 985 Principium
883 948 984 984 agendi
1003 954 1030 976 et
1044 956 1187 976 summum
1201 948 1363 981 bonorum,
1384 955 1414 975 ea
1433 947 1550 982 Cicero,
1571 950 1759 980 Aristotelem

245 1003 272 1024 et
295 997 659 1034 Peripateticos-secutus,
679 998 784 1035 (conf.
811 999 861 1034 qui
882 999 1008 1027 citantur
1029 998 1174 1027 Auctores
1202 1007 1217 1026 a
1241 998 1284 1026 W.
1311 998 1348 1026 F.
1371 999 1474 1036 Kroeg,
1498 998 1596 1028 Gcsch.
1617 1000 1671 1028 der
1688 1001 1759 1030 Phi·

239 1048 288 1076 los.
319 1049 374 1079 ali.
403 1050 473 1078 zcit.
503 1050 532 1085 §-
554 1059 603 1086 94.
632 1055 694 1079 not.
716 1050 769 1086 b.)
801 1057 857 1078 una
886 1050 1040 1086 eademque
1077 1050 1246 1086 quaestione
1275 1050 1453 1086 conjunxit,
1489 1049 1528 1077 ita
1557 1056 1589 1078 ut
1619 1051 1690 1086 idem
1719 1052 1760 1082 sit

238 1099 415 1135 Principium
437 1101 536 1137 agendi
559 1101 620 1129 sive
645 1100 747 1137 officii,
776 1101 855 1136 quod
879 1101 986 1129 dicitur
1013 1109 1159 1131 summum
1184 1102 1350 1137 bonorum,
1378 1100 1462 1137 finis,
1487 1100 1640 1139 ultimum,
1668 1109 1760 1133 extre-

238 1158 334 1185 mum,
355 1150 458 1180 Graeci
480 1153 556 1186 τέλος
578 1158 696 1181 vocant.

275 1202 404 1238 Sequens
436 1203 518 1232 locus
547 1211 604 1231 rem
631 1202 780 1232 conficiat:
808 1203 866 1239 (de
890 1205 959 1234 Fin.
984 1203 1036 1234 1V.
1063 1206 1133 1243 17.)
1162 1226 1181 1240 „
1201 1205 1312 1240 omnia,
1343 1212 1416 1240 quae
1440 1204 1596 1239 sumenda,
1626 1214 1757 1243 quaeque
1856 1223 1881 1254 ⁴3,

241 1273 260 1289 ‚‚
279 1253 395 1289 legenda
415 1261 464 1282 aut
488 1255 613 1290 optanda
637 1261 725 1289 sunt,
747 1254 840 1283 inesse
862 1255 964 1284 debent
984 1256 1014 1285 in
1036 1265 1146 1285 summa
1167 1257 1328 1291 bonorum,
1354 1262 1387 1284 ut
1411 1255 1451 1284 is.
1478 1255 1529 1291 qui
1553 1263 1611 1284 cam
1635 1257 1755 1294 adeptus
1866 1255 1878 1305 {s

1862 1549 1869 1576 ὅ

1863 1584 1866 1596 1

1865 1321 1872 1338 s

238 1324 256 1339 ,‚
278 1304 335 1339 sit,
364 1305 437 1333 nihil
465 1312 605 1341 praeterea
629 1305 780 1334 desideret.
821 1305 965 1341 Videsne,
997 1313 1030 1335 ut
1054 1308 1160 1343 quibus
1188 1316 1298 1336 summa
1326 1314 1370 1336 est
1395 1307 1424 1336 in
1448 1307 1615 1342 voluptate,
1644 1308 1758 1344 perspi·
1859 1331 1861 1334 ,

239 1374 258 1390 ‚‚
278 1364 364 1383 cuum
391 1356 449 1391 sit,
471 1356 541 1391 quid
563 1356 599 1384 iis
624 1355 783 1385 faciendum
801 1357 857 1392 sit,
878 1363 927 1385 aut
946 1366 1004 1386 non
1028 1357 1211 1387 faciendum?
1233 1365 1265 1386 ut
1280 1367 1363 1387 nemo
1383 1357 1512 1391 dubitet,
1535 1366 1632 1386 eorum
1657 1359 1755 1388 omnia

238 1425 257 1441 ,,
278 1406 387 1442 officia,
410 1415 470 1442 quo
493 1414 639 1442 spectare,
663 1408 732 1443 quid
757 1408 859 1444 sequi,
887 1409 957 1444 quid
981 1408 1080 1445 fugere
1102 1409 1242 1438 debeant?
1282 1409 1327 1438 Sit
1350 1411 1404 1438 hoc
1433 1408 1565 1436 ultimum
1592 1408 1754 1446 bonorum,
1854 1413 1878 1451 ζ

243 1477 261 1492 ,,
282 1458 361 1493 quod
386 1466 462 1486 nunc
485 1467 500 1486 a
526 1467 570 1486 me
594 1458 774 1487 defenditur:
797 1466 914 1495 apparet
938 1460 1054 1495 statim,
1085 1469 1156 1495 quae
1175 1461 1233 1489 sint
1255 1460 1365 1495 officia,
1387 1467 1459 1495 quae
1479 1459 1620 1488 actiones.
1660 1460 1755 1490 Vobis
1855 1458 1870 1502 §1

238 1528 258 1544 ,‚
277 1515 368 1537 autem
396 1509 550 1547 (Stoicis)
584 1510 692 1545 quibus
721 1510 794 1538 nihil
825 1516 868 1538 est
899 1510 976 1539 aliud
1006 1511 1211 1548 propositum,
1240 1511 1297 1540 nisi
1328 1518 1436 1539 rectum
1465 1517 1552 1545 atque
1580 1510 1754 1548 honestum,
1855 1508 1870 1548 β

240 1579 258 1594 ,,
280 1561 353 1588 unde
377 1561 481 1596 officii,
514 1562 588 1590 unde
607 1561 708 1597 agendi
732 1561 909 1598 principium
934 1569 1085 1598 nascatur,
1111 1572 1170 1592 non
1194 1563 1339 1599 reperietis
1363 1562 1381 1574 '⁵
1403 1578 1441 1584 —-
1472 1582 1490 1597 „
1509 1561 1626 1599 Quibus
1655 1569 1755 1593 natura
1856 1559 1858 1570 '

243 1611 342 1648 „jure
365 1612 561 1647 responderit,
583 1621 642 1641 non
666 1621 728 1641 esse
749 1621 865 1648 verum,
893 1613 1006 1642 aliunde
1030 1614 1113 1643 finem
1142 1614 1220 1642 beate
1241 1614 1377 1649 vivendi,
1399 1623 1414 1642 a
1437 1622 1466 1642 se
1490 1612 1630 1649 principia
1650 1613 1688 1642 rei
1711 1622 1758 1651 ge-
1851 1605 1866 1676 ³

243 1681 261 1696 ,‚
282 1663 382 1690 rendae
407 1663 482 1698 peti:
505 1671 567 1691 esse
590 1663 665 1692 enirn
690 1672 773 1693 unam
803 1665 962 1700 rationem,
990 1674 1046 1701 qua
1069 1672 1095 1693 et
1123 1666 1263 1702 principia
1294 1674 1384 1694 rerum
1417 1665 1585 1702 agendarum
1609 1671 1636 1692 et
1659 1665 1759 1694 ultima
1860 1671 1865 1680 ¹

243 1732 260 1748 ‚‚
282 1712 423 1741 bonorum
450 1714 705 1743 continerentur.”
732 1731 771 1738 —
800 1736 817 1750 „
840 1716 919 1754 Quid
945 1723 1038 1745 autem
1070 1717 1166 1745 minus
1188 1724 1409 1746 consentancum
1441 1723 1484 1745 est
1502 1737 1512 1751 ,
1539 1723 1622 1751 quam
1638 1736 1648 1751 ‚
1678 1716 1758 1752 quod
1848 1692 1866 1760 τι

245 1764 380 1799 ‚‚;1junt.‚
409 1765 526 1800 cognito
550 1774 663 1795 summo
687 1766 782 1802 bono,
812 1767 914 1795 reverti
935 1776 965 1796 se
990 1768 1023 1796 ad
1052 1776 1201 1803 naturam,
1230 1775 1262 1796 ut
1286 1768 1320 1796 ab
1342 1777 1371 1796 ca
1397 1774 1494 1804 petant
1522 1766 1621 1802 agendi
1653 1766 1762 1803 princi·
1847 1762 1862 1823 r

244 1834 262 1849 „
284 1814 379 1850 pium,
403 1814 429 1842 id
455 1823 517 1851 cst,
539 1816 648 1845 officii?
689 1817 757 1845 Non
782 1818 854 1845 enim
881 1818 1001 1847 rationis
1025 1826 1074 1847 aut
1099 1819 1182 1847 officii
1202 1819 1273 1847 ratio
1294 1819 1414 1854 impellit
1439 1818 1472 1845 ad
1494 1825 1543 1851 ca,
1566 1825 1637 1852 quae
1655 1826 1758 1846 secun·
1839 1832 1861 1863 4,

248 1885 266 1900 „
287 1866 355 1893 dum
379 1873 504 1894 naturam
531 1875 618 1902 sunt,
639 1869 815 1904 appetenda,
837 1869 885 1897 scd
906 1869 940 1898 ab
965 1869 1010 1898 his
1032 1876 1058 1898 ct
1081 1870 1218 1907 appetitio
1243 1877 1269 1898 et
1290 1869 1364 1898 actio
1391 1875 1599 1897 commovetur.
1616 1867 1646 1896 ”.

278 1916 322 1944 Ex
345 1915 486 1946 Ciceronis
514 1918 610 1954 itaque
633 1920 772 1947 sententia
796 1928 945 1949 summum
969 1921 1097 1957 bonum,
1126 1921 1184 1949 sive
1202 1921 1378 1956 Principium
1397 1919 1514 1955 agendi,
1540 1926 1583 1947 est
1606 1917 1672 1947 fons
1697 1918 1758 1948 offi-
1844 1885 1852 1938 ί

239 1967 350 1996 ciorum
372 1975 558 1998 nostrorum:
581 1978 641 2006 quo
667 1971 829 2001 constituto
852 1972 940 2003 simul
966 1979 995 2002 et
1021 1981 1158 2009 quaenam
1183 1973 1242 2002 sint
1266 1972 1376 2007 officia,
1405 1970 1556 2007 qualiaque
1577 1978 1674 1999 eorum
1700 1978 1762 2009 ¹¹³0-
1844 1966 1857 1999 '-

1681 2028 1759 2050 men-
1842 2001 1857 2061 ἱ,
