1913 2427
224 158 264 181 u
594 132 982 177 rREDE'mcr
1045 135 1356 172 isonti-NG

226 233 341 270 ragione
368 231 520 261 variolosa>
542 230 650 260 infecto
664 251 674 265 ,
704 235 760 258 etc.
801 227 909 256 Lenior
931 226 1084 262 aliquando
1115 226 1191 255 reddi
1213 221 1311 263 potest
1331 225 1502 254 variolarum
1529 227 1685 264 decursus,
1705 228 1734 257 si

226 291 291 313 ante
319 283 458 312 actionem
479 282 575 320 ipsius
603 280 783 314 miasmatis,
814 287 920 314 corpus
954 277 1145 313 plethoricum
1181 276 1420 312 venuesectione,
1455 278 1638 313 laxantibus,
1673 284 1732 308 cet.

228 326 318 371 tnagis
341 333 515 371 dispositum
533 333 660 361 redditur
673 332 708 359 ad
726 330 892 366 reagendum
910 329 938 356 in
962 328 1096 356 morbum
1118 327 1313 361 variolosum,
1338 336 1361 355 ει
1383 328 1497 362 quando
1521 328 1567 356 hic
1589 328 1734 365 aggredia-

227 392 275 415 tur
294 394 420 422 corpus3
444 384 485 412 sic
506 383 613 419 agendo
636 381 665 410 in
682 389 792 409 causam
816 379 1101 416 praedisponentem,
1128 379 1147 406 i.
1172 386 1198 406 e.
1219 377 1454 406 constitutionem
1477 385 1504 406 et
1519 379 1647 407 habitum
1667 388 1734 408 cor-

225 436 326 473 poris,
353 435 475 464 variolas
498 434 625 462 nondum
642 431 739 468 passi,
762 431 894 460 leniorem
914 431 1055 459 reddimus
1075 429 1229 457 morbum:
1256 445 1285 450 -
1305 437 1405 457 causae
1425 436 1517 458 autem
1542 430 1735 459 occasionalis

225 482 247 516 i'.
273 495 298 515 e.
321 487 351 514 in
371 486 425 514 hoc
450 493 537 518 casu,
560 482 715 512 miasmatis
739 481 874 510 va'riolosi
892 481 950 509 vim
973 480 1151 517 frangimus,
1174 486 1201 508 et
1224 479 1267 508 sic
1290 480 1422 508 morbum
1445 488 1646 516 aggressurum
1664 480 1737 509 leni-

226 542 309 571 mus,
331 535 467 564 insitione
489 535 670 564 variolarum.
712 533 782 571 Quo
804 539 928 567 utroque
948 533 1078 567 exemplo
1103 532 1282 566 illustratur,
1305 532 1438 566 quando,
1459 532 1568 567 agendo
1589 532 1619 560 in
1643 531 1736 568 ipsam

228 587 321 617 morbi
339 595 471 622 causam,
492 586 538 614 vel
560 587 633 614 hanc
658 585 776 614 omniuo
798 589 988 620 praevertere,
1009 584 1054 610 vel
1079 583 1164 619 hujus
1182 583 1281 610 saltem
1301 581 1359 610 vim
1381 581 1506 618 frangere
1526 591 1696 618 possumus.

236 635 240 639 ’
267 639 401 667 Secundo
431 643 560 666 versatur
580 636 648 664 haec
674 628 811 664 indicatio
837 634 910 662 circa
934 633 1027 669 ipsum
1048 633 1195 668 morbum,
1222 633 1259 661 ita
1278 639 1309 661 ut
1324 633 1441 667 doceat,
1461 634 1548 662 causa
1568 633 1659 662 morbi
1674 634 1734 670 jam

226 697 391 727 praesente,
413 687 546 716 morbum
563 696 743 723 praecavere,
765 687 809 714 vel
830 686 945 719 saltem,
967 684 990 712 si
1017 684 1134 713 morbus
1159 683 1320 720 praecaveri
1337 685 1420 719 plane
1442 692 1501 713 non
1520 685 1636 720 possit,
1657 685 1738 713 hunc

214 730 363 770 'Ieiiiortm
387 739 509 768 reddere.
549 737 659 767 Eodem
687 737 738 773 qui
774 735 929 772 praecessit
958 736 1065 769 modo,
1095 736 1161 762 huic
1193 735 1266 769 parti
1292 734 1734 771 inflationis*prophylacticae

223 790 439 824 satisfacimus,
468 790 578 825 agendo
599 789 734 818 nimirum
759 788 804 816 vel
826 787 855 814 in
872 793 986 814 causam
1009 785 1295 821 praedisponentem,
1318 785 1364 812 vti
1387 784 1416 812 in
1434 784 1666 814 occasionalem.-
1686 785 1738 822 Si,
1776 815 1778 817 ,

225 850 258 871 v.
276 851 304 871 c.
326 849 433 877 corpus
457 840 566 876 aliquid
586 840 802 876 heterogeneum
832 837 860 865 in
886 836 1029 865 intestinis
1050 836 1176 871 haereat,
1202 836 1280 870 adest
1305 843 1388 863 eausa
1414 835 1648 865 inflammationis·
1662 844 1739 865 ,non-

225 894 295 923 dum
313 891 486 929 praesentis,
508 892 558 920 sed
571 890 705 920 fortassis
720 890 892 923 exstiturae,
914 895 986 924 quae
1008 886 1190 915 inflammatio
1205 888 1331 916 nonium
1350 887 1604 923 orta—praecaveri,
1621 888 1669 916 vel
1684 888 1741 916 sal·

226 950 283 973 tem
307 933 398 972 lenior
419 942 515 978 reddi,
538 948 637 978 potest
657 942 766 978 agendo
791 940 820 968 in
844 947 957 968 causam
980 938 1215 967 inflammationis
1240 938 1505 974 praedisponentem
1520 958 1531 973 ,
1557 937 1577 966 i.
1600 946 1627 967 e.
1649 938 1742 967 sensi·

224 995 366 1024 bilitatem
387 993 588 1022 int.stin0rum
609 992 773 1028 horumque
790 991 927 1028 sanguine
950 990 1154 1026 repletionem,
1177 992 1256 1025 quoi
1281 989 1313 1017 fit
1331 988 1617 1024 venaesectionibus‚
1638 989 1739 1019 laxati<-

222 1046 325 1080 tibus,
352 1045 478 1080 ffleosis,
503 1050 576 1072 caet.
615 1044 738 1081 Agendo
768 1043 797 1071 in
821 1049 936 1072 causam
964 1040 1171 1069 occasionalem
1187 1062 1202 1076 ‚⁷
1229 1040 1249 1069 i.
1273 1049 1299 1068 e.
1328 1048 1435 1076 corpus
1463 1040 1560 1076 ipsum
1592 1039 1741 1076 heteroge-

225 1104 332 1131 neum,
354 1096 431 1124 hunc
452 1103 575 1131 scopum
596 1093 680 1123 ferire
705 1094 860 1130 aliqnando
877 1100 1052 1128 possumus,
1079 1092 1260 1128 propinando
1288 1100 1331 1119 me
1344 1091 1465 1120 lit-amen
1487 1098 1648 1126 evacuans,
1677 1098 1748 1127 quo,-
1775 1110 1783 1118 .

224 1147 301 1177 hanc
323 1155 438 1176 causam
460 1138 607 1175 removere
619 1152 648 1174 et
665 1146 711 1175 sic
732 1145 825 1174 etiamr
838 1145 933 1180 ipsum
950 1143 1087 1172 :morbum
1106 1151 1271 1179 praecavere
1290 1150 1437 1172 conemur.

264 1198 380 1230 Ultimo
405 1198 516 1227 tandem
542 1198 608 1227 loco
637 1197 784 1232 diximus,
813 1193 914 1225 docere
945 1194 1147 1223 indicationem
1176 1195 1421 1231 prophylaetieam
1445 1195 1702 1230 praeservationem
1723 1201 1743 1224 a.

224 1257 408 1289 symptomata
431 1249 526 1278 morbi
541 1250 667 1278 nondum
687 1251 856 1285 praesente,
878 1246 944 1280 vei,
966 1245 991 1273 si
1014 1245 1087 1274 illud
1107 1245 1256 1280 adveniat,
1284 1247 1346 1283 ejus
1369 1246 1601 1275 diminutionem.
1624 1247 1687 1275 -Sic
1708 1245 1740 1275 in

227 1301 330 1331 morbo
344 1301 490 1330 varioloso
511 1299 670 1336 praecaveri
691 1301 738 1328 vet
756 1300 855 1328 saltem
874 1297 966 1326 minui
981 1297 1088 1326 dicitur
1099 1297 1212 1333 eruptio
1227 1298 1408 1333 pustularum
1423 1298 1452 1326 in
1466 1297 1556 1333 facie,
1576 1304 1742 1333 symptoma

226 1354 298 1383 illud
325 1353 562 1382 molestissimum
578 1373 589 1387 ,
615 1351 829 1379 determinando
854 1351 989 1377 hrmiores
1013 1349 1047 1376 ad
1073 1347 1223 1375 inferiores
1249 1355 1341 1381 partes
1358 1368 1369 1381 ‚
1398 1348 1477 1382 quod
1509 1347 1540 1375 fit
1569 1347 1741 1383 semicupiis

225 1403 501 1441 tepidis,rfricando
522 1410 602 1431 nates
619 1411 674 1438 ope
691 1400 1062 1441 setae,rubefaciendbus,
1080 1404 1151 1426 caet.
1194 1397 1225 1425 ld
1245 1403 1337 1425 autem
1360 1399 1554 1432 monentium,
1576 1404 1608 1425 ut
1629 1398 1743 1426 intota

222 1454 388 1490 Medicina,
410 1453 447 1482 ita
474 1452 550 1482 etin
580 1452 631 1481 h'ac
656 1452 834 1481 indicatione
852 1450 1018 1480 cautissime
1041 1448 1180 1486 agendum
1203 1455 1288 1482 esse,
1313 1454 1341 1476 et
1362 1447 1455 1476 omnia
1479 1447 1635 1476 imiicantia
1653 1454 1743 1485 atque

229 1505 485 1535 contraindicantia
514 1504 604 1540 probe
630 1510 716 1539 atque
739 1503 961 1540 prudentissime
984 1509 1046 1530 esse
1072 1500 1229 1536 indaganda
1256 1505 1284 1527 et
1304 1498 1377 1527 inter
1402 1507 1432 1527 se
1455 1499 1663 1535 comparand23
1684 1499 1742 1528 hoc

227 1557 301 1586 enim
324 1557 372 1585 ubi
394 1554 569 1592 negligitur,
591 1547 673 1582 facile
693 1555 755 1591 ipse
777 1555 826 1583 ille
849 1553 968 1583 morbus
992 1552 1188 1589 producetur,
1216 1556 1300 1585 quem
1323 1558 1488 1586 praecavere
1510 1557 1596 1585 atque
1617 1557 1743 1579 avertere

227 1616 286 1638 erat
307 1616 425 1644 scopus.
466 1607 513 1634 Sic
531 1605 782 1641 vunaesoedones,
806 1614 878 1641 quae
893 1612 995 1634 temere
1017 1604 1163 1640 quondam
1186 1601 1292 1630 adsere
1313 1609 1411 1630 omnes
1437 1601 1554 1630 morbos
1574 1608 1753 1638 praecavew,

226 1660 280 1689 dos
304 1659 548 1693 instituebantur,
571 1656 740 1693 saepissime
763 1665 778 1685 e
800 1657 949 1686 contrario
976 1656 1093 1685 morbos
1116 1654 1334 1690 produxerunt,
1363 1652 1414 1688 qui
1436 1660 1495 1681 non
1517 1651 1573 1681 nisi
1593 1651 1672 1680 hisce
1694 1658 1754 1686 ve-,

227 1710 457 1740 naesectionibus
479 1709 617 1746 originem
641 1717 727 1737 suurn
746 1709 898 1737 debebant.
1016 1708 1023 1714 “

266 1763 304 1790 C.
353 1761 495 1790 Indicatio
533 1762 735 1798 therapeutica
751 1781 761 1795 ,
798 1763 978 1796 curatoria,
1005 1761 1187 1798 primurm,
1219 1757 1368 1787 nonnullis
1398 1757 1470 1786 male
1495 1755 1715 1792 confit-motoria
1730 1775 1744 1791 ‚

229 1813 467 1850 quemadmodum
496 1819 529 1839 ex
553 1811 614 1847 ipsa
641 1812 729 1848 hujus
755 1812 994 1840 denominationis
1030 1810 1240 1847 significatione
1267 1809 1480 1846 quodammodo
1507 1814 1603 1843 patet,
1628 1814 1671 1836 est
1694 1806 1747 1835 illa.

227 1863 386 1898 indicatio,
409 1871 482 1899 quae
507 1863 662 1898 praesentis
685 1863 778 1891 morbi
805 1863 980 1892 cui-ationem
1002 1863 1105 1896 docet,
1127 1861 1151 1890 si
1173 1860 1231 1889 fieri
1255 1861 1369 1896 possit,
1391 1859 1562 1895 plenariam,
1592 1859 1638 1887 vel
1660 1865 1745 1894 saepe

226 1921 336 1944 tantum
360 1914 525 1950 partialem,
554 1914 578 1943 si
606 1920 700 1943 status
723 1914 855 1950 corporis
884 1914 922 1943 ita
950 1921 980 1942 se
1001 1913 1100 1946 habet,
1127 1919 1160 1941 ut
1190 1912 1314 1949 plenaria
1341 1911 1452 1940 curatio
1474 1909 1662 1946 impediatur,
1690 1908 1744 1938 ubi

228 1973 288 1996 non
307 1967 364 1997 nisi
383 1966 504 1996 levando
524 1972 552 1995 et
575 1965 732 1996 minuendo
751 1966 852 1996 morbo
878 1973 978 1997 vacare
1005 1964 1172 1996 dzbemus..
1195 1963 1333 1993 versatur
1354 1970 1421 2000 ergo
1442 1960 1749 1998 circu'amplissimam⁴

1681 2018 1746 2048 par-
