1913 2427
296 145 339 177 ³4
506 135 750 169 L10N1s
803 133 1208 168 SALOMONIS
1251 146 1333 169 vm
1375 137 1606 178 PRAAG

936 261 1068 292 LEX
1131 262 1157 292 Ι.

336 352 459 391 Spatia,
480 359 501 379 a
519 357 636 388 corpore
652 350 740 379 libere
760 351 880 379 cadente
898 351 1058 380 successivis
1074 350 1244 389 aequalibus
1264 350 1436 389 temporibus
1457 357 1620 390 percursa,
1640 359 1707 383 sunt
1729 354 1809 386 inter

407 412 434 431 se
457 404 489 430 in
511 403 624 430 racione:
643 402 841 430 Numerormn
863 403 1021 440 imparium
1042 410 1076 438 1,
1102 411 1137 439 3,
1159 410 1192 439 5,
1215 411 1250 439 7,
1271 411 1309 439 9,
1331 407 1384 431 etc.

882 511 1219 534 DEMONSTRATIO.

330 591 379 621 Ex
401 590 456 626 iis,
479 599 550 628 quae
568 591 599 621 in
621 590 766 628 principio
789 590 935 626 diximus,
964 591 1074 628 liquet,
1103 592 1194 629 spatia
1215 601 1230 621 a
1254 591 1427 628 corporibus
1460 592 1547 621 motis
1571 601 1704 629 percursa
1727 602 1810 631 gene·

287 637 376 672 ‘statim
401 651 463 672 esse
482 643 555 672 inter
578 651 608 672 se
629 642 659 671 in
681 643 790 672 ratione
815 641 979 679 composita
1003 644 1165 673 velocitatis
1182 649 1210 672 et
1234 643 1383 680 tempori&
1423 642 1517 682 Quam
1537 643 1574 672 ob
1600 652 1657 673 rem
1683 645 1709 673 si
1731 647 1810 675 velo-

294 694 365 724 citas
385 704 420 722 Ξ
439 694 485 730 V,
505 701 618 730 tempus
638 703 674 721 Ξ
694 694 738 730 T,
759 701 788 722 et
809 694 933 731 spatium
952 703 989 721 =
1008 694 1046 730 S,
1067 695 1121 723 erit
1140 694 1158 723 S
1179 705 1215 722 =
1232 694 1261 722 V
1281 695 1314 727 ><
1337 694 1376 723 Τ.

332 745 483 782 Exprimat
502 745 557 782 jam
585 745 662 781 AC,
683 745 713 774 in
737 745 866 773 Tabulae
889 745 952 781 Fig.
973 754 1007 781 3,
1029 751 1144 782 tempus
1167 745 1369 782 perexiguum,
1390 753 1450 782 quo
1473 754 1579 783 corpus
1593 747 1682 776 libere
1703 747 1805 777 cadens

295 797 446 827 velocitate
465 795 617 832 perexigua
644 796 718 832 CD,
739 796 802 825 sive
823 796 892 831 AB,
913 797 1070 826 descendit.
1110 797 1241 834 Spatium
1257 803 1386 833 tempore
1405 796 1497 832 istoc,
1518 798 1609 833 eAque
1633 798 1805 834 velocitate,

295 856 464 885 percursum
487 847 540 875 erit
558 856 594 874 =
613 847 667 876 AC
689 849 723 882 ><
746 847 819 883 CD,
840 848 967 883 adeoque
992 849 1098 885 poterit
1119 849 1239 885 exprimi
1260 848 1525 885 Parauexogrammo
1549 848 1669 879 ABDC.

335 899 379 927 Sit
398 898 450 927 CE
474 905 586 934 tempus
608 899 766 927 secundum
790 898 884 935 primo
914 899 1039 934 aequale.
1088 900 1172 928 Tunc
1199 900 1330 936 corporis
1354 899 1506 928 velocitati
1528 899 1601 935 CD,
1631 900 1688 937 jam
1711 900 1810 937 acqui-

297 949 391 985 sitae,
421 950 456 978 ad
478 948 561 977 finem
583 949 668 978 istius
691 951 788 986 lapsus
818 951 930 979 accedet
959 950 1095 980 velocitas
1118 951 1170 980 DF
1189 962 1225 980 =
1244 951 1311 981 CD.
1356 951 1420 980 Erit
1448 951 1547 987 itaque
1580 951 1706 988 spatium
1732 951 1808 980 istoc

297 1006 424 1036 tempore
446 1007 615 1035 percursam
635 1009 672 1028 =
689 1001 741 1030 CE
763 1002 797 1035 ><
818 1002 868 1031 CF
889 1012 925 1029 Ξ
944 1002 1062 1032 CFGE.

315 1050 435 1084 ,Tertio
457 1050 597 1086 temporis
623 1051 717 1087 spatio
739 1050 796 1080 ΕΗ
824 1053 860 1081 ad
881 1053 1060 1081 velocitatem
1084 1053 1140 1082 EG
1159 1063 1196 1081 Ξ
1215 1053 1266 1083 CF
1287 1053 1399 1082 accedet
1423 1053 1476 1084 GI.
1525 1052 1629 1083 Motus
1659 1052 1756 1090 itaque
1778 1053 1810 1082 fit

296 1110 346 1139 per
370 1101 548 1130 velocitatem
577 1101 634 1130 HK
653 1112 689 1129 Ξ
707 1102 759 1132 ΕΙ.
799 1103 1019 1140 Consequenter
1041 1104 1166 1141 spatium
1195 1105 1279 1134 tertio
1311 1105 1368 1133 hoc
1397 1111 1525 1142 tempore
1560 1112 1730 1142 percursum
1759 1104 1814 1134 erit

296 1162 333 1181 Ξ
351 1152 408 1181 ΕΗ
430 1153 463 1185 ><
485 1151 542 1180 HK
561 1161 597 1180 Ξ
615 1160 662 1184 [Ξ]
682 1153 792 1182 EHKI.

335 1204 443 1233 Pariter
467 1209 569 1238 quarto
596 1210 724 1240 tempore
743 1213 911 1240 percussum
937 1207 1063 1242 spatium
1088 1214 1131 1236 est
1149 1217 1185 1234 =
1204 1214 1250 1238 Ξ]
1270 1207 1390 1236 HMNL
1412 1213 1469 1237 etc.

334 1254 462 1283 Possunt
476 1253 574 1289 itaque
594 1255 688 1290 spatia
720 1264 855 1291 percursa
888 1257 1064 1292 temporibus
1092 1246 1266 1287 successivis
1290 1267 1379 1294 aeque
1407 1255 1526 1294 exprim-ii
1548 1265 1598 1293 per
1623 1264 1671 1289 ΕΙ
1701 1257 1806 1287 ABDC

298 1312 345 1338 ΕΣ]
365 1304 470 1334 CFGE
490 1310 537 1335 Ε]
554 1304 653 1333 ΕΗΚΙ
671 1312 718 1337 [Ξ]
738 1305 861 1335 HMNL
884 1314 941 1335 etc.
981 1307 1194 1336 Posterioribus
1220 1309 1277 1345 jam
1303 1310 1485 1344 Parallelogt.
1508 1308 1609 1336 divisis
1635 1308 1665 1336 in
1690 1308 1811 1337 Paralle-

296 1357 372 1392 logr.
393 1356 522 1389 minora,
545 1363 669 1390 quorum
690 1357 815 1393 quodvis
834 1367 870 1385 Ξ
889 1364 936 1389 111
957 1358 1083 1393 ABDC,
1110 1359 1163 1386 crit
1186 1366 1246 1388 tota
1266 1360 1368 1397 Figura
1385 1358 1724 1394 AOPUNMKlGFDss,
1747 1359 1811 1394 qui-

299 1407 355 1435 bus
383 1406 665 1442 comprehenduntur
690 1416 727 1434 Ξ
753 1409 788 1443 Δ
808 1408 885 1436 AOP
910 1409 949 1444 4
976 1417 1087 1438 summa
1119 1409 1342 1447 Triangulorum
1373 1411 1549 1446 reliquorum
1576 1410 1680 1450 ABD,
1707 1410 1810 1446 DFG.

298 1457 389 1492 GIK,
419 1456 511 1485 KMN
532 1463 560 1484 et
578 1456 673 1485 NUP.
714 1457 754 1486 Hi
777 1459 834 1495 jam
868 1458 1020 1496 Trianguli
1046 1466 1126 1489 tanto
1153 1468 1223 1490 sunt
1253 1461 1395 1498 minores,
1422 1468 1529 1497 quanto
1559 1461 1653 1490 minus
1685 1468 1812 1497 ponatur

297 1508 421 1545 primum
443 1513 556 1544 tempus
579 1507 653 1543 AC,
681 1509 739 1537 unzi
770 1517 837 1537 cum
860 1509 952 1545 prima
983 1511 1133 1540 velocitate
1160 1513 1214 1541 CD
1234 1523 1270 1540 Ξ
1289 1513 1359 1549 ΑΒ;
1388 1513 1426 1541 ita
1449 1519 1479 1541 ut
1499 1514 1534 1548 A
1553 1512 1629 1542 ACP
1653 1521 1706 1549 pro
1728 1511 1811 1548 {limi-

299 1566 326 1588 te
347 1559 414 1596 (*)
434 1558 525 1587 totius
549 1558 668 1596 Figurae
697 1566 826 1588 externae
849 1560 887 1589 sit
915 1561 1086 1590 habendum.
1127 1563 1314 1601 Quapropter
1346 1564 1439 1600 spatia
1466 1572 1601 1600 percursa
1629 1563 1809 1600 temporibus

301 1609 475 1643 successivis
491 1617 583 1647 aeque
602 1616 739 1646 poterunt
759 1611 879 1647 exprimi
902 1620 951 1648 per
971 1615 1007 1648 A
1022 1600 1126 1649 AC'D,
1147 1620 1256 1651 trapcz.
1279 1614 1410 1652 CDGE,
1429 1622 1539 1652 trapez.
1562 1614 1676 1644 EGKH
1697 1621 1753 1645 etc.

587 1660 830 1700 Quandoquidem
850 1665 907 1701 jam
932 1666 967 1699 A
982 1664 1064 1693 ACD
1085 1675 1120 1692 Ξ
1141 1673 1153 1694 1
1175 1668 1211 1701 A
1231 1666 1309 1694 ABD

811 1721 920 1752 trapez.
942 1715 1053 1744 CDGE
1073 1727 1110 1744 Ξ
1131 1725 1145 1752 3
1166 1720 1202 1752 A
1221 1717 1301 1745 ABD

813 1773 920 1804 trapez.
942 1767 1054 1796 EGKH
1075 1777 1112 1796 Ξ
1131 1776 1149 1805 5
1169 1771 1205 1804 A
1223 1768 1303 1797 ABD
1326 1774 1383 1798 etc.

1758 1815 1813 1841 §e-

340 1949 401 1987 (⁸>
421 1949 482 1978 Hac
505 1950 539 1978 de
561 1958 589 1978 re
613 1952 694 1987 plura
713 1953 789 1988 apud
812 1953 861 1983 CI.
884 1963 942 1984 van
962 1955 1110 1992 Sn‘ifltch
1141 1955 1303 1995 Grondbeg.
1329 1953 1383 1986 asar
1407 1936 1518 1987 Meetk.
1544 1956 1613 1986 edit.
1637 1957 1805 1987 novissimae

304 1992 371 2022 Lib.
387 1993 451 2024 VH.
480 1994 569 2032 Prop.
593 2003 621 2033 3.
648 1995 797 2037 Aamnerst
