1913 2427
287 161 654 198 COMMENTATIO
684 173 730 195 nn
757 164 990 198 MACHINA
1020 165 1396 201 ATWOODIANAx'
1553 179 1590 213 ¹9

654 300 1004 322 EXPERIMENTUM.

109 379 258 411 Lancibus
282 381 310 410 A
332 389 360 412 et
378 383 400 411 Β
433 381 556 419 singulis
582 382 707 418 pondere
730 381 777 418 21}
795 381 842 410 M.
865 382 988 411 oneratis
1002 402 1013 418 ‚
1041 381 1093 411 erit
1116 387 1176 411 tota
1205 389 1298 411 massa
1329 383 1365 419 63
1384 384 1430 414 M.
1462 391 1490 414 et
1513 385 1586 414 inter

69 433 164 463 lances
183 433 311 470 regnabit
332 434 544 469 aequilibrium.
585 433 699 472 Quodsi
719 434 775 470 jam
797 433 872 462 lanei
896 434 923 462 A
947 434 1039 461 adhuc
1061 433 1193 469 imponas
1217 433 1484 472 Parallelopipedou
1512 444 1585 472 pon-

68 485 144 515 deris
170 494 179 514 1
203 485 268 520 M.‚
289 485 342 513 erit
366 491 426 513 tota
450 494 543 514 massa
566 486 601 521 64
620 485 687 521 M.‚
717 485 748 514 in
765 487 822 521 qua
846 484 890 514 vis
918 485 1098 514 acceleratrix
1118 494 1154 511 z
1177 494 1189 513 1
1206 485 1252 513 M.
1294 485 1359 514 Hoc
1384 486 1461 516 facto
1495 495 1586 515 annu-

70 537 117 565 lus
138 536 164 565 C
188 536 226 564 ita
248 537 282 564 acl
307 537 410 565 scalam
441 537 626 572 applicetur,
656 542 688 564 ut
710 544 775 572 pars
798 535 916 564 inferior
940 535 1029 564 lancis
1056 537 1083 564 A
1108 535 1216 565 annulo
1243 537 1365 566 transito
1394 538 1521 574 praecise
1549 537 1584 566 ad

69 587 161 618 scalae
183 587 353 616 divisionem
378 597 410 615 12
442 587 598 624 pertingat,
629 587 743 623 quando
771 587 845 616 lanei
870 587 1040 623 impositum
1069 586 1333 624 Parallelopipesion
1354 589 1389 617 ad
1407 588 1584 625 superiorem

68 645 175 675 partem
198 638 296 666 annuli
317 639 487 674 pervenerit.
529 638 641 667 Tabula
661 647 728 668 vero
744 639 772 668 D
794 639 829 667 ad
849 638 1020 667 divisionem
1044 639 1079 674 36
1110 638 1282 674 applicetur.
1330 639 1417 668 Tunc
1440 640 1526 674 lanx,
1555 638 1585 668 vi

69 690 223 719 accelerata
251 689 400 725 decidens,
429 690 464 718 ad
488 690 572 718 finem
597 691 719 719 duorum
757 690 828 718 min.
853 698 912 719 sec.
939 687 1207 725 Parallelopipedon
1233 690 1262 718 in
1291 691 1398 718 annulo
1423 691 1583 726 relinquet3

73 741 139 769 lanx
162 740 273 769 interim
299 748 395 777 perget
418 742 515 770 cadere
542 748 623 770 motu
651 741 806 777 uniformi,
835 741 886 777 qui
913 741 1039 776 aequalis
1067 741 1214 770 velocitati
1243 741 1343 777 primis
1368 742 1484 771 duobus
1514 742 1584 770 min.

69 800 127 821 sec.
164 792 263 828 lapsus
294 792 476 828 acquisitaeg,
507 793 676 828 tandemque
699 794 764 822 lanx
786 793 833 821 illa
852 793 887 821 ad
912 791 995 820 finem
1020 792 1092 820 min.
1117 800 1173 821 sec.
1197 801 1215 827 4
1242 792 1272 820 in
1295 793 1421 821 tabulam
1454 793 1578 828 incidet,

67 851 119 879 per
146 850 289 879 postrema
319 853 335 872 2
356 843 424 872 min.
458 851 517 872 sec.
558 844 701 880 percursis
733 843 892 882 pollicibus
917 852 982 879 24,
1011 843 1091 879 quod
1125 849 1170 872 est
1208 843 1330 881 duplum
1362 844 1449 882 spatii
1478 844 1581 881 primis

68 902 86 922 ι
111 893 182 923 min.
200 903 257 925 sec.
283 901 365 924 motu
387 895 541 924 accelerato
565 895 706 932 percursi.

108 1080 155 1111 Ex
179 1081 234 1116 iis,
257 1089 329 1116 quae
353 1081 409 1110 huc
432 1090 526 1118 usque
547 1081 581 1110 de
602 1088 684 1110 motu
709 1081 840 1118 corporis
856 1081 944 1109 libere
964 1080 1090 1109 cadentis
1112 1079 1320 1115 disseruimus,
1342 1088 1495 1117 sequentes
1517 1089 1584 1117 pro-

71 1133 166 1163 fluunt
184 1133 275 1169 Leges
297 1139 428 1169 naturae3
459 1133 535 1162 haud
560 1133 673 1169 quidem
700 1141 813 1169 semper
839 1132 1016 1167 immediate,
1047 1140 1144 1161 verum
1171 1138 1264 1160 tamen
1288 1138 1344 1160 tam
1368 1141 1462 1168 prono
1484 1133 1584 1168 alveo,

67 1191 100 1213 ut
126 1192 222 1213 earum
253 1184 525 1213 demonstrationem
554 1184 787 1213 Mathematicam
818 1191 1055 1220 supervacaneam
1083 1183 1266 1220 judicemus;
1298 1191 1330 1211 eo
1358 1183 1447 1219 magis
1479 1184 1583 1218 quod,

65 1235 213 1264 Machina
243 1234 442 1264 Adwoodiand
470 1235 598 1264 adhibita
613 1256 623 1271 ,
649 1235 862 1271 Experimentis
891 1234 969 1263 ext'ra
994 1242 1108 1264 omnem
1142 1233 1335 1263 dubitationis
1359 1230 1450 1262 aleam>
1469 1232 1586 1270 possint

2 1278 17 1289 '¹
64 1286 214 1316 collocari.
254 1285 316 1315 Hae
335 1287 427 1324 Leges
446 1288 564 1316 redeunt
584 1287 619 1316 ad
643 1287 804 1324 sequentia.

693 1402 822 1432 LEX
887 1401 954 1431 IV.

103 1503 276 1534 Velocitates
300 1509 377 1532 motu
397 1504 586 1541 uniformiter
613 1504 775 1532 accelerato
806 1505 966 1541 acquisitae
990 1503 1070 1530 inter
1094 1510 1124 1529 sc
1148 1507 1215 1530 sunt
1240 1502 1286 1530 uti
1307 1506 1454 1539 tempora,
1482 1500 1583 1538 quibus

158 1556 378 1593 acquiruntur,·
400 1555 428 1583 id
455 1562 518 1591 est,
547 1555 571 1584 si
595 1564 702 1592 corpus
726 1563 777 1591 per
800 1555 870 1583 min.
896 1563 954 1583 sec.
981 1562 1014 1588 1,
1037 1562 1073 1588 2,
1097 1561 1129 1588 3,
1150 1562 1188 1588 4,
1217 1559 1272 1581 ete.
1304 1552 1389 1581 libere
1412 1552 1505 1587 cadit,
1533 1544 1583 1580 ve-

160 1606 312 1642 locitates,
335 1614 407 1641 quas
431 1606 537 1642 quovis
557 1606 626 1636 min.
648 1615 708 1636 sec.
733 1606 875 1643 acquirit,
903 1605 976 1634 inter
998 1612 1029 1633 se
1052 1610 1121 1633 sunt
1143 1611 1176 1633 ut
1200 1606 1328 1641 tempora
1351 1612 1362 1633 1
1376 1623 1386 1639 ,
1407 1612 1444 1639 2,
1465 1611 1500 1639 3,
1522 1608 1578 1633 etc.

160 1656 251 1694 Quod
270 1657 360 1687 hocce
381 1658 496 1696 probari
511 1664 607 1695 potest

667 1770 979 1791 EXPERIMENTO·

98 1849 239 1880 Lancium
261 1852 290 1880 A
311 1858 338 1880 et
358 1851 379 1880 B
407 1857 528 1888 utraque
553 1858 684 1881 oneretur
706 1853 831 1889 pondere
853 1854 900 1890 ηιξ
921 1851 965 1881 M.
991 1849 1194 1886 Parallelopip.
1224 1856 1235 1878 1
1260 1849 1306 1878 M.
1335 1848 1501 1885 imponatur
1521 1848 1603 1877 lan·'

61 1901 89 1930 ci
114 1902 160 1938 A,
181 1903 305 1932 annulus
324 1904 349 1932 C
368 1903 530 1940 applicetur
550 1904 584 1932 ad
608 1904 698 1933 scalae
715 1903 884 1933 divisionem
911 1912 947 1939 3,
976 1909 1003 1931 et
1026 1902 1121 1930 tabula
1145 1902 1171 1930 D
1197 1902 1231 1930 ad
1254 1901 1424 1930 divisionem
1447 1908 1475 1936 9.
1513 1899 1577 1936 Jam

64 1953 256 1989 experimento
278 1954 432 1991 instituto,
457 1962 488 1984 ut
508 1965 613 1993 supra,
642 1957 810 1992 Parallclop.
838 1965 848 1984 1
873 1955 918 1983 M.
945 1955 1000 1984 fine
1024 1953 1110 1990 primi
1132 1953 1202 1983 min.
1230 1961 1289 1982 sec.
1312 1951 1467 1982 remanebit
1486 1950 1516 1979 in
1533 1957 1582 1978 an-

60 2005 149 2040 nulo,
170 2012 197 2034 et
221 2006 286 2036 lanx
306 2007 333 2036 A
356 2006 412 2036 fine
429 2007 546 2037 alterius
571 2008 641 2037 min.
665 2016 723 2038 sec.
748 2008 871 2036 tabulam
898 2006 990 2037 feriet.

831 2058 856 2087 c
879 2067 895 2085 2
1518 2051 1582 2080 An·
