1913 2427
236 160 258 192 6
602 157 1334 201 11.A.11AMAKE1{‚'

241 264 307 285 non
332 252 436 285 solum
458 250 508 283 lex
536 251 625 294 jubet
648 259 680 284 et
704 253 851 285 voluntas
879 254 1060 296 majorum,
1082 254 1137 285 sed
1166 255 1233 297 ipsa
1255 255 1336 285 ratio
1364 255 1511 297 postulat.
1560 257 1634 297 Quo
1649 256 1710 300 igis

240 317 293 341 tur
315 311 440 349 auimo,
470 320 533 352 qua
563 316 669 340 mente
695 321 770 341 eum
795 309 862 341 fore
891 311 1024 341 censetis
1051 312 1085 341 A.
1107 314 1140 342 A.
1172 312 1228 353 qui
1256 322 1323 341 non
1349 311 1493 343 dicturus
1527 313 1568 343 sit
1600 313 1638 344 de
1670 324 1704 344 re

240 374 316 400 nota
343 374 375 398 et
402 367 543 409 vulgari3
575 378 641 398 uon
666 367 704 398 de
737 367 850 398 morali
879 367 1093 410 philosophia,
1122 369 1216 410 cujus
1246 374 1409 410 praecepta
1436 369 1619 400 mortalium
1645 369 1707 400 ani·

239 425 300 455 mis
324 424 438 455 insevit
465 434 571 454 rerum
602 434 717 466 parens
744 430 875 462 natura3
905 435 973 455 non
1007 423 1046 455 de
1082 424 1180 455 literis
1208 425 1336 457 Graecis
1365 431 1397 456 et
1424 426 1560 464 Latinis,
1589 425 1708 469 quibus

238 492 371 519 omnes,
405 485 564 523 quotquot
589 479 749 511 doctrinas
774 479 1012 522 amplexantur,
1038 481 1104 522 jam
1138 492 1155 511 a
1189 482 1295 523 pueris
1317 487 1349 512 et
1373 481 1440 512 ludi
1467 482 1598 525 pulvere
1618 481 1711 525 paul-

246 539 341 580 lisper
369 537 601 568 adsueverunt:
625 536 680 567 sed
701 536 740 567 de
767 535 829 567 illis
857 536 1055 579 disciplinis,
1077 548 1214 580 quarum
1236 548 1254 568 a
1273 538 1438 568 communi
1463 539 1630 569 homiuum
1648 549 1711 570 usu

245 597 382 627 maxime
407 601 527 625 remota
548 601 645 625 estet
667 600 827 636 segregata
852 594 1020 636 cognitio?
1067 594 1189 626 Harum
1215 594 1334 637 quippe
1352 593 1569 625 doctrinarum
1596 594 1637 625 ita
1662 601 1710 627 est

243 658 424 694 comparata
457 651 555 687 ratio,
587 657 623 681 ut
656 650 710 681 tali
746 651 779 681 in
813 657 1002 692 argumento
1035 651 1086 683 vel
1118 650 1361 682 facundissimos
1396 661 1542 694 quosque
1578 661 1635 682 sua
1661 651 1710 683 vis

244 709 393 740 destituat
413 713 443 738 et
468 706 595 737 dicendi
625 707 744 749 peritia.
791 708 915 746 Quotus
943 708 1030 738 enim
1062 708 1198 750 quisque
1227 708 1381 750 reperitur
1407 707 1623 745 eruditorum,
1653 707 1711 749 qui

247 764 287 795 de
315 775 486 807 corporum
508 763 691 794 coelestium
716 769 823 801 motu,
847 763 886 793 de
915 765 1104 806 geometriae
1138 764 1278 806 legibus,
1308 763 1347 794 de
1371 762 1465 794 rebus
1488 764 1646 807 physicis,
1670 763 1711 794 de

249 821 421 860 medicina,
444 816 483 852 de
502 822 572 862 jure
595 820 700 858 civili,
723 821 765 850 ita
781 820 938 862 disputem
961 827 1015 858 ut,
1040 832 1114 852 curn
1134 821 1312 851 doctrinam
1335 831 1426 851 suam
1447 827 1607 860 accurate,
1629 832 1710 851 enu-

251 878 367 914 cleate,
392 877 549 909 subtiliter
577 877 775 919 exposuerit,
800 876 978 919 eloquentis
1004 883 1108 909 tamen
1135 885 1165 909 et
1192 878 1300 909 diserti
1324 878 1384 908 viri
1411 889 1530 909 nomen
1553 885 1584 909 et
1610 879 1711 909 hono·

250 947 318 967 rem
344 942 531 966 consecutus
555 945 622 965 esse
644 934 795 967 videatur.
839 935 911 964 Non
937 940 983 964 est
1009 934 1165 976 profectc),
1190 938 1226 967 Α.
1249 937 1283 965 Α.
1305 945 1372 965 non
1396 941 1443 965 est
1463 935 1538 966 haec
1562 934 1643 967 bene
1662 934 1712 966 di·

250 992 351 1024 nendo
375 999 464 1034 apta,
498 991 552 1022 sed
572 990 688 1022 scholis
715 990 808 1020 unice
831 990 1039 1032 relinquenda
1061 990 1220 1022 materies!
1267 992 1340 1022 Non
1366 998 1412 1022 est
1438 992 1488 1023 hic
1514 992 1645 1022 Oratori·
1664 992 1712 1022 lo-

250 1048 330 1080 cus!
372 1049 504 1079 Nullum
527 1060 676 1091 campum
710 1049 802 1080 habet
818 1072 826 1086 ‚
857 1049 891 1078 in
918 1059 1012 1090 quem
1044 1054 1190 1079 excurrat
1212 1054 1243 1078 et
1270 1048 1480 1090 exspatietnr:
1519 1048 1599 1080 nihil
1624 1048 1713 1091 qnod

251 1106 381 1148 ingenio
413 1112 502 1136 ornet
520 1129 528 1143 ‚
559 1111 671 1148 augeat
693 1111 778 1143 arte,
810 1104 914 1136 verbis
941 1102 1132 1147 amplificet!
1177 1103 1273 1143 Quod
1291 1104 1318 1134 si
1339 1114 1356 1134 a
1378 1103 1571 1147 reliquarum
1596 1104 1714 1135 doctri-

252 1172 366 1193 narum
399 1162 521 1193 ambitu
551 1163 668 1193 sensim
696 1161 806 1192 oculos
830 1168 1033 1204 mentemque
1059 1160 1098 1191 ad
1122 1166 1264 1191 nostram
1292 1159 1492 1203 disciplinam
1512 1170 1712 1199 revocamus;

249 1230 317 1250 non
344 1225 390 1249 est
417 1218 504 1261 quod
527 1218 626 1249 literis
654 1217 868 1249 Orientalibus
899 1218 1037 1260 aliquam
1069 1227 1145 1260 prae
1172 1217 1302 1247 caeteris
1330 1217 1451 1248 artibus
1475 1218 1716 1261 praestantiam,

250 1275 310 1306 hac
334 1275 464 1317 quidem
494 1275 527 1305 in
552 1281 656 1317 parte,
679 1274 884 1316 gratulemur.
931 1274 1057 1305 Habent
1080 1273 1150 1304 illae
1173 1273 1279 1304 literae
1293 1297 1300 1311 ‚
1324 1273 1442 1313 fateor,
1464 1274 1580 1305 habent
1599 1274 1717 1315 jucun-

247 1331 319 1363 dam
350 1330 570 1374 exemplorum
593 1331 719 1373 copiam
743 1337 774 1361 et
799 1331 1001 1367 varietatem,
1027 1341 1130 1372 neque
1153 1329 1241 1360 deest
1268 1340 1376 1360 rerum
1406 1337 1564 1372 gestarum
1591 1331 1716 1373 magni·

243 1388 337 1419 tudo:
361 1394 417 1423 ut,
447 1388 502 1430 qui
522 1387 607 1430 apud
628 1388 773 1418 homines
792 1388 987 1424 Orientales,
1003 1386 1041 1417 de
1064 1386 1193 1417 illorum
1214 1386 1360 1424 historia,
1377 1379 1516 1429 legibus,
1541 1387 1713 1426 institutis,

236 1444 397 1482 moribus,
421 1443 622 1476 declamitare
646 1444 742 1483 velit,
767 1455 871 1486 neque
888 1443 1070 1474 auditorum
1092 1453 1220 1474 assensu
1242 1443 1399 1473 cariturus
1421 1444 1479 1480 sit,
1502 1453 1606 1486 neque
1624 1454 1715 1486 egre-

242 1503 290 1544 gie
316 1501 445 1533 dicendi
464 1502 714 1544 opportunitate.
760 1503 878 1532 Verum
899 1500 986 1531 enim
1017 1510 1090 1531 vero
1114 1500 1172 1542 qui
1201 1499 1286 1531 idem
1318 1499 1397 1530 illud
1423 1501 1606 1541 negotium,
1630 1499 1716 1542 apud

242 1565 413 1597 nostrates,
437 1565 490 1589 ant
501 1558 611 1589 Gallos
625 1581 635 1596 ‚
659 1559 852 1593 Germanos,
873 1557 1080 1587 Britannosve
1100 1563 1216 1593 tentet,
1234 1556 1339 1587 eidem
1355 1566 1466 1587 vereor
1484 1567 1523 1587 ne
1541 1563 1572 1587 et
1585 1566 1714 1587 concio-

245 1616 295 1646 nis
311 1617 408 1657 gratia
424 1622 455 1646 et
469 1615 605 1646 oratoria
625 1615 693 1646 lans
708 1614 842 1644 omnino
859 1612 1006 1644 defutura
1020 1613 1067 1643 sit.
1103 1612 1172 1643 Has
1193 1613 1290 1654 igitur
1308 1619 1354 1643 tot
1374 1619 1538 1654 tantasque
1556 1607 1715 1649 molestias

1491 1672 1617 1699 “ravate
1638 1668 1718 1700 mihi

1489 1693 1508 1712 o

246 1727 379 1758 (πθ-,ἲεῑιε
403 1728 592 1766 affirmanti,
616 1738 666 1758 me
688 1727 745 1757 (liu
769 1726 939 1767 ancipitem
965 1725 1097 1755 haesisse
1119 1725 1151 1755 in
1174 1732 1363 1766 argumento
1392 1725 1603 1760 inveniendo,
1627 1724 1717 1767 qnod

252 1674 290 1703 A.
314 1675 349 1702 A.
375 1672 421 1708 si,
444 1671 715 1713 quemadmodum
734 1677 806 1700 ante
821 1668 887 1699 dixi
897 1689 910 1706 ,-
931 1669 1096 1700 vobiscum
1120 1669 1350 1711 cogitaveritis,
1376 1670 1459 1700 haud

251 1791 426 1814 vestrarum
443 1785 570 1815 aurium
585 1784 743 1826 judicium
762 1793 827 1813 uon
846 1781 939 1824 plane
957 1780 1180 1811 reformidaret.
1206 1783 1272 1811 Hoc
1286 1789 1390 1811 antem
1406 1782 1636 1824 qualecumque
1651 1787 1717 1820 est,

253 1847 356 1871 vestra
381 1841 458 1871 mihi
475 1840 654 1882 adspirante
673 1839 913 1875 benevolentia,
933 1839 989 1868 hac
1013 1838 1147 1868 maxime
1169 1838 1291 1867 ratione
1308 1849 1357 1868 ine
1374 1839 1526 1880 consequi
1541 1847 1632 1880 posse
1648 1848 1718 1880 spe-

252 1895 380 1934 rabam,
405 1897 448 1933 si,
471 1897 585 1927 omissa
606 1908 712 1927 rernm
734 1895 938 1930 obscuritate,
961 1904 1042 1936 quae
1068 1904 1194 1924 omnem
1213 1894 1364 1924 orationis
1383 1893 1583 1935 splendorem
1604 1894 1717 1924 exstin-

254 1959 379 1996 gueret,
402 1952 474 1984 talia
506 1954 708 1996 potissimum
737 1952 816 1984 mihi
837 1949 1005 1982 ‘tractanda
1033 1960 1211 1987 sumerem,
1245 1961 1327 1992 qnae
1348 1949 1484 1987 naturali
1508 1960 1564 1981 sua
1594 1950 1714 1992 magni-

1667 2012 1716 2041 tuq
