1913 2427
247 159 286 190 32
498 157 550 187 Η.μ
602 156 639 187 C.
705 164 814 186 vair
880 164 984 185 nnn
1049 152 1227 185 BOON
1290 150 1511 187 MESCH

247 252 386 281 quasnam
418 243 447 272 in
476 243 600 272 tenebris
631 241 797 279 profundis,
839 240 916 269 Haec
940 241 1013 269 'vero
1042 240 1185 278 indagatio
1215 240 1292 269 haud
1318 241 1418 278 paucis
1445 241 1583 278 premitur
1608 241 1759 272 difficultaa

245 297 347 332 tibus,
378 304 499 332 quarum
531 294 669 330 plurimas
697 301 730 322 ex
754 298 853 329 parum
884 292 1023 320 elaborata
1058 292 1238 328 rnulttnnqtn¹
1265 291 1428 328 imperfecta
1457 295 1616 329 plantarum
1647 293 1758 330 analysi

247 347 396 386 proficisci
414 347 596 376 arbitramur.
637 345 667 373 Si
687 344 752 380 quis
774 344 849 372 enim
881 344 954 373 hanc
987 344 1102 373 illamve
1132 352 1187 372 rem
1222 343 1391 372 illustratam
1423 345 1511 379 velit,
1537 345 1658 381 ideoque
1688 353 1756 374 cum

246 400 301 429 alia
321 404 482 434 comparet,
510 397 577 424 haec
598 403 662 430 res,
691 403 812 430 quacum
842 395 1008 430 confertur,
1030 395 1111 423 debet
1139 403 1200 423 esse
1222 401 1318 430 certa,
1346 396 1439 430 clara,
1465 395 1634 432 manifesta3
1664 397 1751 426 nobis

245 449 354 486 igitur,
378 448 447 483 qui,
467 448 567 483 quales
582 447 641 475 sint
658 446 748 474 Lucis
764 446 837 475 vires
852 446 881 474 in
898 446 1028 482 plantas,
1048 451 1207 482 tentantes,
1226 455 1241 475 a
1256 446 1336 475 Luce
1351 447 1516 483 vegetabilis
1534 440 1686 482 orbam'us‚
1708 449 1756 476 de«

246 500 296 528 bet
317 508 380 528 esse
400 505 470 527 nota
493 504 521 526 et
543 503 690 533 perspecta
710 496 869 525 eorumdem
888 495 1088 533 vegetabilium
1109 497 1241 532 indoles,
1264 499 1419 526 seeundum
1445 507 1525 527 suam
1550 497 1757 527 Naturanvvi-

245 551 393 586 ventum,
415 551 544 585 almaque
570 549 634 577 luce
656 547 830 582 fruentium3
854 547 921 576 haee
943 556 1013 577 vero
1033 557 1130 578 eorum
1163 550 1273 578 indoles
1299 549 1422 578 obscura
1446 557 1490 578 est
1511 556 1538 577 et
1559 551 1642 585 latet;
1665 557 1755 584 quam

247 603 273 632 si
298 603 365 639 quis
395 602 465 631 velit
494 601 660 636 clariorem,
693 599 877 635 vinculisque
904 600 1010 635 quibus
1036 607 1147 631 tenetur
1180 602 1344 637 liberatam,
1372 609 1430 630 eam
1459 601 1632 637 ingrediatur
1658 600 1754 636 viam,

248 663 333 691 quam
367 660 461 682 servat
484 653 594 681 Natura
622 660 733 687 semper
761 651 814 679 late
837 657 1002 687 patentem,
1032 660 1132 689 nempe
1165 653 1338 690 indagandi,
1375 652 1531 688 majorique
1562 651 1708 688 diligentia
1727 657 1756 680 et

246 706 366 741 studio,
388 714 471 741 quam
500 705 606 741 quibus
633 709 750 732 tractata
781 702 836 733 sibi
859 703 1009 739 videatur,
1032 705 1190 740 plantarum
1215 703 1344 740 analysin
1368 703 1520 739 suscipiat.
1565 700 1755 731 Praestantisq

249 758 320 786 sima
343 766 410 785 vero
434 756 604 791 quorumvis
621 755 795 791 optimorum
819 754 1023 783 Cliemicorum
1044 764 1132 791 opera
1160 755 1314 791 perlceeuti
1339 764 1397 784 non
1420 761 1555 791 apparet,
1577 753 1755 790 Chemicos,

247 810 316 837 dum
347 808 449 837 variam
481 808 659 844 singulorum
691 806 901 842 principiorum
933 813 1060 835 naturam
1087 814 1260 842 cognoscere
1286 807 1455 842 studebant,
1483 806 1606 835 faciliori
1632 814 1703 834 usos
1727 811 1756 834 et

249 860 372 888 breviori
391 859 545 894 methodo,
567 858 755 894 experimenta
779 857 939 885 instituisse
963 858 991 886 in
1008 866 1052 886 eas
1076 858 1210 894 plantas,
1231 857 1338 893 quibus
1368 857 1508 893 principia
1532 858 1689 893 quaerenda
1712 856 1757 884 vel

250 911 351 948 majori
373 910 458 946 copia
490 911 535 938 vel
560 910 676 945 puriora
706 909 912 943 inhaerebant3
954 909 1043 937 rarius
1071 915 1164 936 autem
1196 909 1306 945 plenam
1335 909 1448 937 dedisse
1479 908 1607 944 analysin
1637 908 1759 944 integrae

248 963 371 998 alicujus
395 962 525 996 plantae,
547 959 673 996 exceptis
693 960 792 996 paucis
817 959 932 988 Muscis
955 966 982 987 et
1001 959 1198 995 Lichenibus,
1225 960 1348 995 reliquas
1370 951 1572 996 perfectiorum
1596 959 1758 995 plantarum

250 1019 347 1050 gentes
367 1020 466 1048 parum
483 1011 709 1039 illustrantibus.
747 1011 792 1038 Ad
809 1011 884 1038 huuc
897 1011 1114 1037 examinatarum
1131 1011 1292 1045 plantarum
1309 1010 1468 1044 desectum,
1491 1011 1628 1038 accedunt
1645 1009 1759 1045 ipsius,

252 1073 309 1100 qua
332 1065 421 1092 hocce
446 1068 534 1098 caput
556 1063 638 1090 debet
661 1061 732 1096 niti,
755 1062 903 1097 analyseos
932 1060 1073 1089 defectus.
1113 1061 1187 1089 Nam
1220 1061 1313 1097 primo
1343 1060 1530 1096 dubitamus,
1558 1068 1626 1088 num
1650 1060 1759 1096 plantis

249 1115 289 1144 ita
312 1115 387 1144 dicta
407 1113 548 1150 principia
572 1113 702 1149 proxima
727 1113 792 1141 talia
815 1113 989 1148 inhaereant,
1019 1112 1115 1148 qualia
1137 1121 1172 1141 ex
1201 1112 1235 1141 iis
1266 1118 1376 1149 separat
1408 1112 1641 1148 quibuscumque
1673 1111 1760 1140 artifi-

250 1166 305 1195 ciis
330 1165 406 1194 varia
429 1164 567 1201 analysis.
619 1164 707 1201 Quod
735 1164 760 1192 si
788 1164 833 1192 his
866 1163 1016 1200 principiis
1051 1164 1224 1192 mutationes
1258 1164 1340 1192 etiam
1370 1164 1449 1192 leves
1479 1163 1583 1191 inferat
1614 1162 1761 1199 analysis‚

251 1218 342 1253 quid,
367 1225 493 1252 quaeso,
517 1215 626 1244 scimus
646 1216 679 1243 de
701 1215 809 1252 integra
832 1216 943 1250 planta,
966 1215 1037 1251 quid
1059 1216 1091 1244 de
1112 1216 1171 1252 ejus
1195 1215 1314 1243 naturali
1338 1215 1544 1251 principiorum
1564 1214 1761 1250 proximorum

253 1269 320 1297 sede
343 1274 369 1296 et
390 1268 506 1296 indole‘.2
529 1268 556 1296 in
590 1267 720 1304 periculo
744 1274 906 1301 versamur,
928 1275 961 1295 ne
984 1267 1060 1295 {also
1081 1267 1299 1295 concludamus.
1343 1266 1418 1294 ila-:c
1443 1275 1508 1294 vcro
1535 1265 1696 1294 observatio
1723 1265 1763 1294 si-

253 1320 313 1347 mul
334 1319 436 1353 docet,
458 1318 487 1347 id
507 1319 585 1354 quod
607 1325 633 1347 et
660 1317 774 1354 gravius
800 1324 897 1354 urget,
921 1326 1006 1354 quam
1027 1317 1098 1346 levis
1120 1317 1254 1354 nimirum
1279 1323 1305 1344 et
1330 1317 1477 1345 mutabilis
1499 1317 1537 1345 sit
1555 1317 1656 1345 horum
1682 1316 1763 1352 prin-

250 1370 392 1406 cipiorum
415 1375 535 1405 natura,
557 1376 589 1398 ut
614 1370 681 1398 haec
707 1369 827 1397 diversis
854 1368 990 1398 adhibitis
1015 1369 1192 1406 reagentibus
1221 1369 1360 1396 diversam
1386 1368 1508 1396 indolem
1541 1367 1654 1396 induere
1680 1367 1762 1396 intel-

248 1421 384 1457 ligamus.
425 1421 499 1449 Dein
523 1421 642 1457 plurima
669 1422 827 1457 plantarum
855 1420 992 1456 principia
1024 1421 1153 1457 proxima
1182 1421 1337 1449 nonnullas
1369 1420 1523 1448 admittunt
1556 1418 1639 1454 quasi
1672 1418 1764 1447 modi·

254 1471 422 1507 ficationes;
446 1480 556 1500 servare
578 1473 643 1501 hacc
669 1472 800 1500 videntur
821 1472 902 1499 dotes
921 1471 1085 1507 genericas,
1107 1472 1231 1507 accipere
1246 1479 1339 1499 tamen
1361 1471 1473 1506 aliquot
1497 1470 1637 1506 proprias.
1679 1468 1760 1506 Quas

252 1523 462 1559 principiorum
485 1523 593 1560 species
620 1530 651 1552 ut
675 1523 772 1559 plures
797 1522 929 1550 facillime
950 1522 1041 1559 gignit
1064 1523 1196 1558 organica
1227 1523 1351 1557 fabrica,
1384 1522 1422 1550 ita
1453 1522 1503 1549 has
1534 1520 1683 1549 difficulter
1702 1528 1764 1556 per·

253 1574 355 1609 spicue
378 1574 529 1612 distinguit
555 1583 599 1603 ars
629 1574 782 1609 Chcmica3
805 1573 872 1601 hinc
898 1573 929 1601 fit
950 1580 981 1600 ut
1004 1574 1076 1602 inter
1099 1581 1249 1608 auctores,
1278 1573 1342 1601 licet
1366 1573 1444 1601 omni
1473 1572 1526 1600 fide
1549 1570 1760 1607 dignissimos,

251 1627 304 1653 rari
330 1625 388 1654 sint
413 1634 594 1661 consensus,
623 1626 672 1653 ubi
704 1625 757 1653 hos
781 1630 959 1660 exspectares
985 1631 1094 1659 certos;
1126 1626 1193 1654 haec
1223 1625 1277 1653 fuit
1306 1624 1457 1652 difficultas
1487 1631 1572 1658 quam
1598 1621 1626 1650 in
1653 1621 1765 1658 planta-

252 1685 314 1703 rum
339 1678 447 1713 analysi
472 1677 668 1713 gravissimam
692 1685 735 1704 me
758 1675 848 1704 fuisse
871 1682 1016 1711 expertum
1046 1676 1146 1704 fateor.
1187 1676 1259 1704 Saue
1279 1682 1306 1704 et
1331 1675 1397 1703 haec
1423 1675 1570 1710 analyscos
1599 1681 1663 1709 pars
1693 1673 1765 1700 ulte-

253 1727 349 1755 teriori
369 1728 514 1763 examine,
532 1728 597 1756 lieet
615 1727 721 1756 difficili
738 1734 764 1755 ct
786 1727 933 1761 taedioso,
957 1735 1013 1755 non
1032 1727 1144 1763 indigna
1160 1727 1282 1755 videtur.
1323 1725 1440 1759 Ttrtio,
1461 1725 1565 1753 desunt
1579 1732 1609 1751 ea
1625 1723 1765 1759 rcagentia

253 1784 282 1806 et
310 1778 433 1813 auxilia,
460 1788 532 1814 quae
556 1787 612 1807 non
643 1786 752 1807 tantum
782 1778 920 1813 principia
947 1787 1048 1813 sapore
1075 1786 1101 1806 et
1125 1779 1212 1806 odore
1242 1777 1362 1805 maxime
1385 1786 1399 1805 a
1422 1785 1452 1804 se
1482 1776 1601 1804 invicem
1631 1774 1762 1809 diversa,

253 1829 303 1857 sed
331 1836 356 1856 ct
379 1829 463 1857 unius
481 1830 664 1866 ejusdemque
681 1829 813 1865 principii
835 1829 961 1864 species,
987 1835 1117 1857 accurate
1144 1835 1170 1856 ct
1196 1834 1326 1863 prompte
1349 1833 1517 1855 monstrent.
1559 1825 1655 1863 Quid,
1685 1824 1765 1860 quod

254 1880 335 1915 plura
360 1887 445 1914 sunt,
468 1889 539 1914 quae
562 1880 588 1907 in
612 1881 685 1908 varia
703 1880 841 1916 principia
870 1887 957 1915 agunt
984 1889 1040 1908 non
1069 1879 1174 1914 dispari
1200 1878 1319 1906 ratione.
1359 1878 1465 1915 Quales
1494 1885 1559 1904 vero
1586 1882 1613 1904 ct
1644 1881 1765 1911 quantae

257 1930 492 1959 molestiae-inde
516 1932 623 1967 analysi
646 1931 826 1965 exoriantur,
852 1930 935 1959 facile
957 1931 1147 1967 ptrspicitur3
1172 1932 1296 1965 quisquc
1316 1929 1407 1962 enim,
1437 1928 1490 1963 qui
1515 1928 1672 1963 plantarum
1697 1933 1765 1954 ana-

256 1980 332 2017 lysin
353 1982 397 2009 rel
421 1981 519 2010 leviter
542 1982 652 2019 tetigit,
675 1983 750 2011 haud
771 1983 908 2020 ignorat,
937 1982 1079 2011 rarissime
1102 1982 1143 2010 vel
1175 1989 1331 2016 numquam
1361 1981 1519 2016 plantarum
1550 1978 1674 2007 fabricae
1701 1982 1763 2004 tan-

1705 2034 1767 2057 tun
