1913 2427
293 137 315 172 8
542 144 581 174 Η.
645 142 682 174 C.
747 150 855 174 van
920 149 1025 175 BER
1090 138 1289 178 BOON.
1335 142 1559 182 MEscfl'

293 227 405 263 natam,
426 226 518 257 varias
541 229 654 264 plantas
672 229 747 259 varie
769 229 895 265 afficere,
922 231 1074 267 variosque
1093 231 1123 261 in
1145 231 1181 261 iis
1203 240 1299 263 motus
1321 239 1348 262 et
1371 233 1489 264 effectus
1514 239 1690 273 provocare3
1719 241 1806 269 nutu·

292 288 327 308 ve
344 278 569 316 contendemus,
594 282 719 310 colorem
738 281 896 317 plantarum
918 282 1035 312 viridem
1051 283 1123 313 effici
1146 282 1224 316 radio
1251 286 1398 321 violaceo,
1429 292 1478 314 aut
1496 294 1545 322 gas
1572 287 1744 324 oxygenium
1766 296 1803 320 ex

292 331 400 366 plantis
422 332 527 368 expelli
549 332 627 361 radio
651 333 901 369 desoxygenante,
926 333 990 363 sive
1016 334 1164 372 chemic0;
1197 337 1310 365 huncne
1331 337 1499 366 habebimus
1525 337 1684 375 principem
1703 346 1805 369 aucto-

293 391 350 412 rem
369 384 535 420 quarumvis
567 385 780 421 mutationum,
810 394 880 422 quas
907 387 958 415 lux
986 387 1146 423 plantarum
1176 388 1266 416 indoli
1288 386 1415 424 inferam
1444 397 1479 417 an
1504 396 1570 417 eum
1601 388 1636 417 iis
1659 389 1799 420 faciemus

294 434 344 470 qui
367 435 460 464 lucem
480 436 618 464 affirmant
633 435 778 465 absorberi
799 445 814 466 a
835 438 961 474 planus,
983 444 1011 468 et
1033 447 1091 468 eam
1106 448 1205 469 rursus
1228 441 1349 477 expelli,
1372 445 1437 468 cum
1457 440 1569 476 plantae
1586 440 1803 472 comburantur.

289 485 365 523 Quis
389 493 453 522 est,
475 487 527 522 qui
552 487 619 516 haec
639 487 770 524 dirimat,
794 495 843 517 aut
865 491 1013 526 negando,
1035 497 1085 519 aut
1104 491 1283 521 affirmando.¹
1318 491 1421 520 Tantis
1445 490 1541 519 dubiis
1570 491 1636 520 dum
1663 493 1811 528 premitur.

289 537 357 566 haec
380 545 440 573 res,
468 546 564 568 nonne
586 545 710 575 praestat
731 539 815 568 etiam
835 547 912 569 nunc
930 542 1048 579 gradum
1071 543 1221 579 cohibere,
1250 551 1336 580 quam
1365 551 1415 579 per
1442 542 1571 571 tenebras
1602 542 1729 578 illidere,
1753 551 1802 572 su-

287 595 397 625 praque
424 590 537 619 dubiam
575 591 750 628 hypothesin
787 592 965 624 incertiorem
1005 601 1137 631 struere,
1169 596 1236 624 dum
1269 603 1318 631 per
1347 593 1536 630 experimenta
1571 588 1700 629 graviora
1730 589 1800 623 huic

287 639 456 677 problemati
479 643 570 680 major
592 642 651 672 dies
674 643 823 673 affulserit.
870 646 985 675 Etenim
1008 646 1139 682 quamvis
1163 653 1295 682 constet,
1322 646 1463 682 praeclara
1493 653 1555 674 esse
1587 644 1798 681 experimenta,

288 700 360 728 quae
380 701 447 722 cum
468 694 532 723 luce
555 700 582 723 et
599 695 772 731 corporibus
791 696 946 726 fossilibus
969 697 1099 726 instituta
1123 703 1191 726 sunt
1214 706 1229 726 a
1251 697 1402 733 Physicis,
1423 695 1519 724 varios
1543 695 1617 724 lucis
1641 695 1735 725 radios
1747 701 1798 726 aut

285 749 382 779 partes
405 744 557 774 absorbere
578 745 688 775 diversa
708 747 871 783 minei-alia,
900 748 999 777 nescio
1030 754 1123 776 tamen
1146 756 1182 776 an
1205 748 1233 776 id
1258 748 1306 784 jus
1330 747 1396 775 inde
1420 752 1572 783 exsurgat,
1599 755 1658 782 quo
1676 746 1712 775 ad
1734 755 1798 775 cor-

286 802 358 830 pora
386 794 452 824 viva
480 795 515 825 ab
543 795 715 834 inorganicis
743 805 902 839 repetamus
933 806 1022 828 tutam
1048 798 1287 834 conclusionem,
1319 797 1474 833 nimirum,
1508 806 1543 826 ne
1564 797 1658 834 ipsius
1684 797 1801 833 quidem

286 844 331 873 vis
349 845 446 874 vitalis
467 847 577 876 ratione
597 848 710 885 habita,
733 858 816 879 nemo
839 850 1003 887 ignorabit,
1027 850 1178 879 discrimen
1203 858 1336 885 magnum
1356 850 1528 878 inteicedere
1548 849 1622 878 inter
1641 850 1804 885 plantarum

284 893 421 924 fabricam
438 902 465 924 et
481 897 670 928 mineralium.
711 899 872 935 Praeterea,
894 909 958 929 cum
976 900 1107 929 lubenter
1126 901 1338 936 concedamus,
1369 900 1494 937 alicujus
1524 908 1598 937 esse,
1611 899 1748 928 momenti
1768 907 1800 928 ea

283 945 429 981 pericula,
451 955 523 982 quae
545 948 615 977 fecit
636 949 679 978 ill.
705 950 884 980 Sauebierius
908 952 939 980 in
962 952 1103 989 expositis
1125 952 1211 982 variis
1235 951 1326 981 Lucis
1347 952 1432 980 radiis
1453 951 1573 980 diversis
1598 950 1702 987 plantis
1726 951 1801 978 mul-

283 996 397 1032 tiplices
420 1002 447 1024 et
467 1000 663 1026 memorabiles
684 1001 818 1025 ubtlucno
842 1002 981 1032 effectus,
1009 1003 1108 1025 neseio
1131 1012 1165 1025 on
1195 1004 1261 1028 inde
1283 1007 1346 1030 jin-(³
1373 1008 1422 1025 nur
1455 1011 1519 1025 mm
1541 1001 1710 1030 rex-titudine
1733 1008 1803 1034 pos·

283 1047 375 1076 simus
396 1047 549 1082 affirmare,
570 1048 680 1076 easdem
701 1048 832 1084 plantas,
864 1056 954 1083 quum
981 1048 1139 1077 secundum
1168 1056 1248 1076 suam
1273 1052 1402 1076 naturam
1427 1045 1546 1081 vivant,
1575 1053 1603 1074 et
1626 1047 1690 1075 luce
1711 1049 1801 1077 solari

286 1097 453 1127 naturaliter
475 1090 626 1133 fruantur,
648 1098 761 1128 eosdem
783 1098 877 1127 radios
899 1098 1017 1135 eligere,
1045 1107 1080 1127 ex
1100 1098 1208 1135 quibus
1233 1097 1334 1126 electis
1359 1105 1477 1132 omnes,
1504 1105 1579 1132 quos
1609 1099 1698 1142 edunt
1722 1100 1800 1136 eJus—

286 1149 365 1177 modi
387 1149 500 1184 plamae
523 1148 661 1184 effectus,
684 1149 801 1185 possint
822 1150 924 1178 deduci
946 1156 974 1178 et
992 1149 1111 1187 exponi.
1151 1149 1210 1179 Vix
1225 1149 1296 1177 mihi
1320 1149 1397 1178 aliud
1419 1148 1490 1184 quid
1512 1149 1579 1177 haec
1603 1149 1801 1180 Senebieriana

284 1199 474 1235 experimenta
493 1199 626 1227 videntur
649 1199 789 1235 probare,
811 1208 895 1235 quam
914 1200 994 1236 quod
1019 1208 1062 1229 res
1081 1200 1121 1228 ita
1144 1208 1206 1229 sese
1226 1200 1328 1229 habere
1347 1206 1446 1238 queat.

323 1250 398 1278 Nam
427 1249 704 1278 animadvertendum
727 1250 864 1286 videtur,
890 1251 981 1279 lucem
997 1271 1008 1286 ‚
1038 1251 1063 1279 si
1085 1251 1114 1280 in
1134 1252 1246 1287 plantas
1270 1252 1373 1287 cadat,
1404 1251 1457 1280 etsi
1486 1251 1561 1280 varie
1586 1252 1797 1288 compositam,

284 1309 348 1330 esse
375 1309 467 1330 unum
499 1310 631 1337 corpus,
659 1302 739 1338 quod
765 1302 840 1331 vires
859 1302 972 1340 jamJam
993 1303 1076 1339 prius
1112 1301 1142 1330 in
1169 1302 1282 1338 plantas
1305 1310 1449 1337 exerceat,
1479 1311 1563 1338 quam
1592 1303 1644 1331 hae
1671 1303 1798 1339 aliquam

283 1352 378 1388 ipsius
399 1359 507 1389 partem
524 1353 714 1396 absorbeant,
742 1360 908 1383 assumant:
937 1363 997 1383 non
1020 1355 1132 1390 obstat,
1163 1362 1228 1383 cum
1250 1354 1341 1383 lucem
1374 1355 1525 1383 habeamus
1553 1362 1659 1390 corpus
1678 1351 1800 1391 compo-

284 1402 393 1438 situm,
415 1403 573 1439 quominus
590 1403 710 1436 excitata
726 1404 810 1439 luce,
831 1412 888 1441 qua
911 1405 982 1440 tali,
1004 1406 1164 1442 plantarum
1187 1406 1262 1435 varia
1281 1415 1386 1443 organa
1405 1405 1607 1441 absorbentia,
1633 1405 1693 1434 sive
1707 1405 1799 1435 caulis

283 1455 346 1484 sive
366 1454 521 1490 foliorum,
544 1454 606 1484 sive
622 1455 743 1491 florum,
768 1456 827 1492 iam
849 1464 886 1484 ex
913 1456 978 1485 luce
1002 1457 1108 1494 eligant
1137 1458 1281 1495 quidquid
1304 1459 1375 1487 utile
1397 1458 1472 1494 ipsis
1500 1457 1568 1486 haec
1595 1457 1713 1494 offerat,
1737 1466 1797 1487 non

283 1505 365 1533 aliter
385 1513 416 1534 ac
445 1505 471 1534 si
497 1506 632 1541 quaedam
660 1506 770 1543 gummi
793 1513 821 1535 et
849 1507 977 1536 sacchari
1004 1517 1093 1544 aquea
1121 1509 1231 1538 solutio
1257 1509 1391 1538 radiculis
1421 1508 1573 1544 offeratur,
1602 1510 1660 1545 qua
1689 1508 1800 1546 integra

284 1555 398 1591 quidem
417 1555 579 1585 stimulatae
600 1557 700 1586 relicto
720 1556 837 1594 gummi,
862 1559 1027 1589 saccharum
1054 1560 1237 1591 absorbeant.
1279 1562 1422 1597 Equidem
1440 1569 1499 1590 non
1521 1561 1619 1598 nescio
1639 1569 1703 1590 esse
1715 1559 1797 1598 Phy-

281 1606 380 1642 sicos,
402 1607 471 1642 qui,
494 1608 577 1643 quasi
607 1609 681 1638 lucis
705 1615 851 1639 momento
875 1617 903 1639 et
923 1611 1061 1647 gravitate
1084 1606 1198 1649 allecti,
1219 1613 1392 1642 contendant
1413 1613 1506 1641 lucem
1531 1621 1612 1650 agere
1632 1612 1662 1642 in
1685 1613 1800 1648 plantas

281 1657 409 1686 chemica
429 1650 681 1696 rationeseasque
703 1661 817 1691 obedire
843 1661 956 1691 cuidam
982 1663 1149 1693 affinitatum
1182 1665 1286 1700 seriei,
1314 1665 1364 1701 qui
1391 1665 1584 1700 contendant,
1621 1665 1713 1692 lucem
1735 1669 1800 1692 esse

282 1707 545 1745 hydrogenantem,
574 1718 607 1739 eo
628 1711 689 1740 nixi
711 1711 917 1749 fundamento,
939 1716 1019 1749 quod
1043 1716 1092 1744 lux
1118 1725 1132 1745 a
1152 1716 1324 1752 quibusdam
1346 1716 1531 1745 mineralibus
1558 1715 1730 1756 exygenium
1755 1722 1799 1742 ra·

281 1757 359 1793 piat,
381 1758 420 1786 ita
444 1759 546 1788 horum
573 1761 844 1798 hydrogenationem
868 1771 1054 1802 promoveat3
1085 1767 1167 1802 quod
1189 1775 1241 1804 gaz
1266 1765 1474 1803 hydrogenium
1495 1765 1525 1794 in
1545 1763 1695 1794 nonnullis
1718 1764 1798 1800 plan-

283 1808 321 1837 tis
340 1810 454 1838 eosdem
481 1820 620 1847 provocet
642 1814 777 1851 effectus,
799 1824 874 1852 quos
892 1817 960 1852 lux3
984 1825 1010 1846 e.
1034 1826 1063 1854 g.
1087 1819 1212 1846 colorem
1236 1817 1374 1852 viridem,
1404 1823 1513 1846 motum
1536 1816 1695 1851 foliorum,
1716 1814 1799 1851 quod

286 1859 427 1894 producta
458 1863 659 1897 vegetabilium
690 1874 723 1895 eo
758 1868 826 1909 plus
856 1867 1027 1904 hydrogcnii
1058 1868 1247 1905 contineant,
1277 1877 1336 1905 quo
1367 1868 1490 1904 pleniori
1514 1870 1574 1897 sole
1602 1877 1654 1898 usa
1673 1866 1808 1901 fuerint,

283 1917 403 1945 contra,
430 1919 465 1940 eo
492 1913 581 1948 magis
610 1917 751 1950 oxydata,
787 1921 846 1948 quo
877 1909 1224 1949 profundiore-&experta
1256 1911 1363 1940 fuerint
1390 1919 1529 1943 tenebras.
1577 1916 1678 1942 Habeo
1702 1919 1795 1940 autem

284 1961 579 1998 animadvertendum,
601 1963 626 1992 si
649 1971 775 2002 ponatur
797 1963 924 1993 cliemica
946 1969 1057 1994 tantum
1074 1963 1214 1995 relatione·
1229 1962 1320 1993 lucem
1345 1963 1375 1993 in
1395 1964 1506 1999 plantas
1528 1971 1624 2001 agere,
1648 1962 1728 1999 quod
1747 1968 1799 1990 ne-

1737 2019 1799 2041 cos-
