1913 2427
477 128 956 165 nissna‘rA-rro
1022 125 1302 164 Manlum
1609 126 1656 171 τις

140 226 198 255 tem
234 220 322 252 slmul
354 218 475 250 debilem
510 219 663 249 admodum
694 226 777 254 esse,
809 223 879 246 tunc
905 215 1017 246 senium
1044 223 1072 246 et
1102 215 1234 245 debilitas
1260 212 1469 243 venaesectioni
1499 219 1651 250 correpug-

136 275 261 308 nabunt.

173 325 346 361 Priusquam
380 330 473 353 autem
500 331 579 353 nunc
610 320 731 350 ulterius
758 319 945 356 procedamus
960 339 971 354 ,
1005 318 1145 348 nonnulla
1158 338 1168 354 ,
1198 323 1272 353 quae
1299 316 1335 345 ad
1362 316 1435 345 hanc
1463 315 1650 345 indicantium

136 376 296 408 doctrinam
317 376 478 412 pertinent,
500 374 588 411 paulo
612 372 736 410 amplius
760 379 914 400 memorare
937 370 1008 399 mihi
1031 370 1144 399 animus
1164 375 1232 405 rest,
1255 376 1346 405 quum
1369 367 1446 396 bona
1465 367 1651 396 indicantium

135 428 266 465 cognitio
297 433 384 463 atque
412 425 560 455 distinctio
588 426 652 455 sola
675 424 714 453 sit
729 444 740 459 ,
771 431 842 459 quae
876 423 907 452 in
935 421 1082 452 formanda
1112 420 1287 450 indicatione
1319 420 1412 448 lucem
1440 418 1525 448 nobis
1556 417 1654 448 afferre

135 479 245 518 possit.

173 530 305 559 Indicans
325 535 369 558 est
386 529 539 567 generale,
556 526 744 567 particulare
768 531 797 554 et
817 524 1009 555 individuum.
1058 523 1191 553 Indicans
1215 523 1341 560 generale
1362 522 1458 551 omnia
1486 522 1551 557 illa,
1582 529 1654 557 quae

137 581 280 611 morbum*
295 580 444 616 fecerunt,
465 580 680 616 complectens,
709 586 743 606 ex
760 576 854 614 ipsius
887 576 1019 613 diagnosi
1043 575 1177 611 profluit,
1206 581 1233 603 et
1252 574 1347 604 omnia
1368 574 1436 610 illa,
1465 581 1654 609 quaeeunque

133 632 217 668 sint,
244 632 495 668 continet„quae
515 632 551 660 ad
578 630 753 659 curationem
786 627 879 657 morbi
908 628 1069 664 pertinent;
1096 626 1217 662 exempli
1246 627 1313 654 loco
1347 625 1408 653 sint
1432 625 1530 653 sordes
1552 624 1655 661 prima-

135 691 201 713 tum
223 683 353 718 viarum,
375 692 468 718 quae,
489 691 580 718 quum
601 681 666 710 illae
686 681 765 710 solae
786 679 951 716 saepissime
974 677 1068 707 morbi
1092 677 1217 706 forment
1234 675 1406 713 diagnosin‚
1435 682 1505 704 sunt
1527 675 1657 705 indicans

135 735 268 771 generale
289 733 495 764 evacuationis.
536 734 585 762 Sic
606 741 692 769 porro
717 738 810 760 status
838 730 1005 759 asthenicus
1035 735 1078 758 est
1100 728 1229 757 indicans
1259 728 1386 764 generale
1409 726 1535 755 methodi
1556 726 1657 755 stimu-

138 785 246 820 lantis,
268 785 443 814 roborantis.
485 784 658 821 Saepissime
681 790 774 812 autem
799 781 928 810 indicans
957 780 1146 817 particulare,
1176 779 1256 815 quod
1280 778 1410 812 nascitur
1435 787 1469 807 ex
1493 778 1586 807 modis
1610 787 1658 808 va-

140 835 211 871 riis,
240 836 348 872 quibus
379 836 473 865 morbi
501 844 534 865 se
563 841 721 870 exserunt,
753 834 773 864 i.
797 841 823 862 e.
854 841 888 862 ex
915 832 1036 862 diversis
1069 831 1236 860 morborum
1262 829 1472 859 characteribus
1499 836 1527 858 et
1554 830 1655 859 formis

137 895 171 917 v.
192 895 220 916 c.
243 895 277 916 ex
298 887 376 916 febre
399 887 519 923 biliosa,
540 895 574 916 ex
598 886 677 915 febre
697 884 856 919 saburrali,
878 889 968 919 caet.‚
989 882 1028 912 ita
1051 882 1173 920 generali
1194 881 1332 912 indicanti
1355 887 1514 918 repugnat,
1534 887 1568 910 ut
1586 881 1657 910 huic

137 937 202 967 sine
220 938 350 974 periculo
377 938 510 968 satisfieri
538 943 686 974 nequeat3
714 935 962 972 quemadmodum
981 942 1063 970 saepe
1090 940 1169 971 patet
1193 942 1208 962 e
1236 933 1507 969 statuasthenico,
1535 932 1566 960 in
1599 941 1659 968 quo

135 989 337 1024 stimulantia,
366 990 549 1025 roborantia,
575 995 648 1018 caet.
676 996 736 1017 non
763 995 872 1023 semper
899 986 1108 1015 conceduntur.
1155 985 1222 1014 Huc
1250 985 1370 1013 tandem>
1393 983 1501 1019 accedit
1530 983 1657 1013 indicans

137 1038 339 1076 individuum,
362 1041 443 1077 quod
467 1040 664 1077 proficiscitur
684 1048 718 1068 ex
742 1037 880 1075 singulari
907 1037 1037 1073 ratione,
1066 1045 1123 1072 qua
1149 1035 1269 1065 morbus
1293 1044 1324 1064 se
1353 1035 1383 1064 in
1411 1043 1528 1071 quoque
1558 1034 1660 1062 indivi-

136 1090 219 1127 duo,
241 1091 351 1121 ratione
373 1092 471 1121 habita
494 1092 587 1129 ipsius
608 1091 724 1126 aetatis,
748 1097 855 1125 sexus»,
876 1088 951 1118 vitae
974 1088 1104 1126 generis,
1126 1086 1366 1122 consuetudinis,
1388 1092 1461 1115 caet.
1486 1084 1657 1114 manifestat.

137 1141 209 1178 sic,
230 1152 261 1172 v.
284 1152 312 1172 c.
339 1143 427 1172 febris
450 1151 573 1173 nervosa
596 1142 653 1172 alio
685 1143 770 1179 longe
793 1141 881 1170 modo
906 1149 937 1169 se
960 1140 990 1169 in
1012 1146 1107 1169 tenera
1129 1139 1242 1176 puella,
1269 1137 1325 1166 alio
1354 1138 1441 1175 longe
1468 1137 1555 1166 modo
1578 1144 1608 1165 se
1630 1135 1661 1165 in

134 1193 203 1224 rudi
223 1194 348 1231 agricola
371 1195 495 1231 exserit,
515 1201 602 1231 atque
624 1194 691 1222 hinc
712 1194 799 1230 longe
815 1200 935 1228 quoque
955 1191 1012 1220 alio
1030 1192 1117 1221 modo
1134 1190 1280 1220 tractanda
1303 1195 1366 1225 est,
1387 1195 1415 1217 et
1435 1188 1479 1217 sic
1502 1196 1602 1225 porro.
1650 1205 1654 1215 .

177 1244 246 1274 Alia
265 1251 310 1274 est
324 1245 476 1275 distinctio
500 1246 531 1275 in
545 1244 700 1275 indicantia
712 1244 866 1283 perfecta,
887 1243 950 1272 sive
964 1244 1125 1282 completa,
1147 1248 1175 1272 et
1193 1241 1377 1280 irnpery‘eata.
1418 1239 1546 1269 Perfecta
1559 1238 1661 1267 dicun-

141 1299 212 1331 tur,
233 1304 307 1332 quae
332 1296 481 1326 sufficiunt
501 1298 538 1326 ad
558 1297 734 1326 formandam
757 1295 960 1324 indicationem
979 1295 1124 1331 aliquam,
1152 1293 1245 1325 itaut
1264 1293 1340 1321 varia
1361 1290 1536 1326 indicantia,
1564 1297 1614 1326 per
1635 1297 1667 1318 se

140 1345 327 1382 imperfecta,
349 1347 437 1376 simul
456 1354 550 1376 sumta
567 1355 661 1376 tamen
680 1347 808 1376 sufficere
823 1346 940 1382 possint
957 1347 992 1374 acl
1005 1344 1191 1374 iudicationis
1207 1335 1427 1377 formationem,
1450 1348 1478 1370 et
1492 1349 1508 1369 e
1520 1340 1665 1370 contrario

141 1395 316 1432 indicantia,
338 1406 411 1433 quae
431 1398 467 1426 ad
486 1397 663 1427 formandam
680 1397 834 1435 generalem
859 1396 1062 1425 indicationem
1077 1395 1243 1429 sufficiunt,
1264 1392 1431 1429 Imperfecta
1452 1398 1545 1421 tamen
1566 1392 1662 1420 dican-

140 1452 190 1485 tur
210 1448 307 1484 quoad
334 1448 538 1477 indicationem
560 1449 729 1485 specialem3
758 1447 854 1476 doceri
872 1453 988 1483 potest,
1008 1456 1040 1476 v.
1064 1455 1093 1484 g.
1122 1446 1251 1476 sordium
1275 1443 1422 1473 evacuatio
1450 1442 1663 1478 indicantibus,

143 1506 217 1534 quae
240 1505 333 1528 tamen
358 1499 494 1535 minime,
524 1501 671 1535 quomodo
699 1499 822 1537 generali
843 1497 912 1526 huic
938 1497 1107 1527 indicationi
1131 1497 1169 1525 sit
1193 1496 1470 1532 obtemperandum,
1499 1494 1663 1523 ostendant.

145 1548 222 1578 Sunt
243 1559 330 1586 porro
345 1550 505 1579 vindicantia
529 1557 628 1587 certa,
648 1553 763 1580 incerta
783 1556 811 1578 et
827 1548 1008 1587 probabilia.
1050 1548 1137 1585 Certa
1157 1554 1226 1577 sunt
1242 1568 1253 1583 ,
1282 1547 1317 1585 de
1334 1546 1442 1584 quibus
1458 1565 1469 1581 ‚
1498 1544 1570 1583 quid
1593 1543 1668 1574 indi-

142 1607 226 1637 cent,
255 1603 367 1631 nullum
395 1602 516 1630 dubium
547 1608 688 1638 superest.
735 1600 854 1637 Saepius
886 1607 1004 1636 autem,
1041 1599 1120 1636 quod
1147 1589 1329 1634 dolendum,
1351 1603 1514 1632 ,occurrunt
1539 1596 1667 1633 incerta,

144 1660 236 1687 quum
260 1661 311 1681 nec
332 1653 500 1681 morborum
526 1653 644 1682 interior
664 1652 794 1687 indoles,
823 1660 875 1680 nec
894 1652 1018 1687 modus,
1046 1659 1105 1687 quo
1131 1658 1232 1679 causae
1257 1658 1364 1686 corpus
1390 1647 1586 1687 mutaverint,
1612 1655 1664 1676 nec

140 1702 235 1739 ratio,
257 1712 314 1740 qua
335 1710 529 1740 symptomata
552 1704 735 1739 cohaereant,
763 1711 875 1740 semper
897 1703 982 1732 nobis
1008 1702 1123 1738 cognita
1145 1701 1215 1730 sint.
1258 1701 1367 1732 Medici
1396 1700 1484 1737 igitur
1503 1705 1566 1734 est,
1595 1699 1664 1727 haec

143 1753 300 1791 indicantia
324 1755 431 1784 incerta
453 1755 607 1792 colligere,
632 1762 659 1784 et
681 1756 803 1784 collecta
825 1762 1013 1797 comparare,
1040 1759 1072 1781 ut
1102 1753 1143 1782 sic
1175 1761 1208 1781 ex
1237 1752 1360 1790 singulis
1392 1750 1509 1780 incertis
1535 1751 1608 1779 inter
1637 1757 1668 1796 se

144 1805 338 1842 comparatis,
361 1807 476 1842 quando
497 1807 686 1842 coindicant,
708 1807 838 1835 indicans
869 1806 989 1840 formet,
1013 1805 1038 1833 si
1059 1813 1118 1833 non
1140 1810 1271 1840 certum,
1293 1805 1390 1834 saltem
1409 1801 1557 1839 probabile
1581 1793 1668 1837 atque

147 1856 183 1885 ad
203 1856 401 1886 certitudinem
426 1859 574 1887 accedens.
614 1858 794 1888 Μοηρηιίιιιῃ
814 1864 925 1893 autem,
947 1865 1006 1886 non
1024 1865 1108 1885 omne
1126 1856 1260 1892 indici-ns
1273 1863 1382 1884 certum
1407 1854 1533 1889 sufficere
1552 1853 1586 1885 ad
1606 1852 1665 1881 for-

147 1908 277 1936 mandam
295 1908 496 1938 indicationem
507 1931 517 1946 ,
539 1910 558 1938 i.
569 1918 594 1938 e.
612 1918 671 1939 non
688 1918 770 1939 omne
785 1909 914 1938 indicans
930 1915 1038 1938 certum
1055 1916 1117 1938 esse
1133 1907 1310 1945 perfectum,
1328 1906 1565 1943 quemadmodum
1579 1911 1664 1939 omne

139 1957 276 1989 ,indicans
299 1960 461 1998 perfectum
485 1967 530 1992 est
548 1968 668 1993 certum.
703 1961 840 2000 Namque
860 1961 1056 1998 phaenomena
1077 1959 1213 1989 obvenire
1232 1964 1378 1997 possunt,
1405 1965 1476 1995 quae
1501 1957 1567 1986 huic
1594 1954 1667 1983 indi-

922 2012 947 2041 C
970 2020 986 2041 2
1608 2013 1675 2035 can·
