1913 2427
416 131 897 164 DISSERTATIO
962 133 1362 168 LITERARIA.
1631 133 1654 180 9

132 227 199 256 eus,
219 219 387 254 Sarnsonus,
408 217 557 254 Adonim,
580 219 706 248 Fratres
729 218 854 254 Batavi,
876 219 1006 249 Phaeton
1019 242 1029 256 ,
1058 220 1189 251 Adamas
1220 222 1307 258 exul,
1336 221 1542 261 Zttngchinm,
1563 223 1645 254 Noa-

130 273 217 308 chus,
239 270 346 307 quibus
372 278 462 298 unum
485 270 579 298 drama
594 269 824 299 Lcemvendalios
839 271 983 300 addiderat
997 273 1093 310 (10).

166 324 302 353 Ceterum
322 321 530 351 observandum
551 330 611 350 non
631 321 726 350 minus
747 328 790 350 est
808 330 894 357 quam
919 323 1092 360 dolendum,
1112 330 1223 354 tantum
1248 324 1340 354 virum
1352 347 1362 361 ‚
1383 333 1443 355 non
1457 325 1542 362 pleno
1564 326 1645 363 jure,

127 384 144 407 a
165 375 366 412 lusor-mata,
394 381 467 409 quae
489 373 619 408 dicitur,
650 373 884 403 Christianorum
916 381 992 403 secta
1024 375 1080 404 sibi
1110 384 1197 412 posse
1215 376 1378 406 vindicari.
1426 377 1513 406 Anno
1542 377 1642 406 aetatis

126 426 303 464 sexagesimo
325 431 353 453 et
367 425 494 453 secundo
520 424 675 454 Vondelius
687 445 696 459 ‚
718 433 777 454 non
791 445 802 460 ‚
824 431 857 454 ut
869 426 1005 462 opinatur
1023 426 1185 456 Brandtt'us
1200 449 1211 464 ‚
1232 428 1407 458 matrImonii
1428 437 1501 466 spe,
1522 429 1573 457 sed
1591 428 1645 457 mi-

126 480 289 509 raculorum
313 482 341 505 et
370 475 458 505 solito
488 476 627 513 majorum
649 485 742 505 rerum
763 485 858 505 amore
875 477 1016 514 allectus,
1043 478 1418 509 Romano-Catholicorum
1439 488 1559 509 numero
1581 488 1643 509 sese

127 529 276 568 adjunxit,
297 528 410 563 eadem,
439 527 527 565 (sive
551 528 590 557 sit
611 528 658 557 illa
682 527 912 565 puerilismtio,
941 529 1002 559 sive
1024 530 1219 566 simplicitatis
1241 531 1454 569 negligentia,)
1478 531 1538 560 veri
1562 531 1644 568 igno-

127 581 217 612 rantia
240 581 379 616 deceptus
393 600 404 615 ‚
431 588 487 615 qua
507 579 587 615 pueri
606 578 701 608 varios
722 579 833 608 colores
858 587 1006 617 expetere,
1037 590 1093 617 qua
1122 582 1254 611 Gentiles
1281 584 1380 619 plures
1404 582 1482 611 Deos
1507 582 1593 611 unius
1615 587 1644 610 et

128 631 339 669 omnipotentis
359 630 452 659 cultui
473 630 568 659 solent
590 630 739 667 praeferre.
780 631 874 667 Cujus
898 631 937 660 rei
962 632 1020 661 nisi
1043 633 1202 668 maximus,
1227 640 1255 663 et
1283 642 1344 663 non
1367 634 1497 671 optimus
1522 634 1590 668 ille,
1612 632 1642 663 in

126 684 233 719 Nostri
251 683 410 719 tragoedias
438 681 555 710 effectus
581 680 707 717 fuisset,
731 683 905 712 mentionem
928 684 1036 713 nullam
1059 684 1164 713 facturi
1186 684 1357 714 fuissemus.

162 735 322 768 Ultimum,
340 734 398 771 jam
421 733 524 762 mortis
546 733 644 762 limina
666 734 813 768 adeuntis,
843 734 979 764 Vondelii
996 743 1072 772 opus
1094 735 1123 764 in
1153 735 1278 773 Tragico
1307 744 1406 773 genere
1433 735 1551 765 fuerunt
1573 734 1645 764 Ver·

125 787 222 821 §iones
241 786 462 814 Phoenissarum
484 790 511 813 et
534 784 671 814 Herculis
692 785 865 821 Trachinii‚
886 794 958 822 quas
979 787 1129 824 octoginta
1150 787 1231 816 annis
1253 796 1312 816 uno
1336 788 1426 825 maJOr
1446 786 1584 816 confecit.

133 863 136 866 .
165 837 250 866 Obiit
271 843 420 866 senectute
441 835 592 865 confectus
603 856 613 871 ‚
634 837 680 865 die
694 836 840 865 Februarii
857 846 897 873 x,
925 838 991 866 anni
1008 846 1181 868 MDchxlx.
1198 847 1265 871 eum
1278 838 1438 876 nonaginta·
1453 837 1556 873 annis,
1576 838 1645 867 dua·

119 891 184 920 «bus
199 889 367 924 mensibus,
391 888 494 917 diebus
520 887 719 925 undeviginti,
739 889 869 925 adeoque
884 890 1076 926 septendecim
1094 889 1177 920 annis
1198 890 1345 930 Ettripa'de
1373 890 1503 935 diutius,
1533 894 1640 930 septem

128 941 265 981 Sophocle
287 940 422 976 brevius,
446 940 578 971 vixisset.
1372 946 1387 958 ⁸
1423 942 1427 958 x
1468 951 1471 955 ⁴
1593 932 1596 940 ⁴

460 1268 738 1311 CAPUT
813 1247 1307 1331 SECUNDUM.

382 1392 430 1414 nt
458 1392 644 1421 vonnssLu
675 1393 715 1415 ΙΝ
742 1394 895 1416 GENERE
924 1393 1093 1416 TRAGICO
1122 1393 1382 1416 vxkruwlnus.

834 1526 864 1563 §—
907 1534 935 1565 ᾳ.

782 1611 1001 1651 Prolegomena.

128 1690 218 1757 Ut
241 1728 275 1756 de
301 1727 443 1764 alicujus,
473 1727 502 1756 In
529 1735 705 1764 quocunque
727 1727 802 1757 vitae
832 1736 930 1765 genere
946 1749 956 1764 ‚
984 1728 1142 1757 virtutibus
1169 1735 1312 1764 agamus,
1338 1727 1462 1764 primum
1490 1728 1644 1759 videndum

133 1787 197 1816 cst,
226 1785 362 1816 quaenam
387 1780 422 1808 ad
450 1779 635 1816 perfectionis
651 1801 661 1816 ,
689 1780 719 1809 in
743 1780 798 1808 hoc
821 1788 938 1817 genere,
966 1779 1079 1808 culmen
1111 1779 1311 1816 requirantur,
1338 1779 1456 1816 deinde,
1485 1781 1647 1810 secundum-

133 1838 261 1868 tcmpora
283 1839 311 1861 et
333 1833 434 1868 locos,
454 1831 595 1869 judicium
616 1838 659 1860 est
682 1831 840 1865 serendum.
1565 1870 1593 1899 T
1637 1874 1641 1876 ι

1595 1876 1650 1899 em-

159 1938 224 1966 (ιο)
239 1939 283 1966 Qui
299 1940 412 1961 editorum
428 1940 576 1966 spedmlnum
592 1940 739 1967 Tragicorum
759 1946 854 1964 semem
875 1939 934 1963 scire
959 1940 1066 1968 cupiunt,
1086 1938 1103 1963 li
1119 1938 1199 1962 adeant
1222 1939 1345 1962 Bur-ltfut-
1360 1940 1383 1962 u'n
1396 1940 1443 1963 vim
1456 1940 1560 1967 madalis,
1582 1940 1646 1963 amb

101 1975 106 1980 ⁹
135 1981 217 2007 passim
233 1981 255 2002 in
272 1981 370 2008 margine
385 1981 478 2008 hujusce
494 1982 571 2010 operis
587 1982 700 2006 indicatis.

942 2023 964 2051 B
