1913 2427
684 136 1074 170 ORATIO.
1203 151 1213 154 ”
1585 156 1622 190 19

137 228 290 261 lustratus
314 233 381 267 est,
397 227 439 259 -iu
462 228 552 259 omni
574 233 787 272 tyrannorum
809 229 903 261 turba
929 232 1092 263 nemiuem
1109 231 1252 274 reperio,
1276 233 1333 275 qui
1358 233 1410 271 id,
1435 238 1523 280 quod
1547 251 1619 283 pro.

135 284 279 317 bandum
300 284 382 315 mihi
402 284 524 322 sumai,
557 284 672 317 melius
699 285 845 318 declaret.
900 288 973 318 Non
997 299 1058 331 ego
1080 288 1119 320 de
1148 289 1239 320 istius
1271 289 1411 324 hominis
1437 294 1533 327 rebus
1558 305 1612 330 aut

134 341 305 381 secundis,
327 348 382 373 aut
408 341 548 374 adversis
572 342 711 385 loquor:
735 353 775 373 ne
796 343 835 374 de
855 343 911 376 illo
938 345 1069 388 quidem
1091 346 1143 378 die
1167 346 1303 389 loquor,
1328 360 1395 391 quo
1420 349 1471 381 die
1497 352 1530 382 in
1559 364 1614 384 na—

132 399 200 431 vim
220 399 364 441 conjecta
392 405 441 430 est
462 399 521 430 ista
547 399 696 430 omnium
719 398 879 430 malorum
907 401 1060 441 saburra,
1083 414 1165 446 quae
1193 411 1341 436 cunctam
1365 417 1465 449 paene
1496 414 1613 442 terram

130 455 347 499 depresserat,
380 458 419 487 In
439 466 503 498 qua
523 466 631 487 rerum
658 465 753 498 atque
775 455 922 492 fortunae
944 459 1121 491 mutatione
1152 471 1227 491 cum
1254 461 1358 493 divini
1387 464 1531 495 numinis
1562 465 1613 495 vis

131 517 226 556 atque
253 514 405 557 potentia*
423 513 651 545 admirabiliter
682 524 716 544 se
742 513 940 556 patefecerit,
970 521 1077 547 tamen
1113 516 1214 548 aliena
1245 519 1325 549 es'set
1354 518 1395 550 ab
1418 519 1515 562 hujus
1542 532 1612 552 ora-

128 571 226 603 tionis
253 577 442 614 argumento
470 571 539 612 ejus
564 571 610 602 rei
637 571 792 603 tractatio.
839 573 906 602 Hoc
935 583 1039 603 uuum
1067 573 1100 604 in
1125 575 1302 617 praesentia
1327 576 1470 618 agimus,
1492 584 1529 609 ut
1559 578 1611 610 fla·

129 629 327 672 gitiosissimi
350 629 603 671 nequissimique
623 627 765 659 hominis
784 627 934 671 exemplo
959 628 1148 668 doceamus,
1170 631 1447 673 quemadmodum
1478 634 1518 666 ab
1541 646 1611 667 uno

123 685 341 729 gubernatore
367 685 519 729 imperito
538 685 629 718 navis
653 685 753 717 everti
771 691 892 728 potest,
916 686 961 717 sic
987 697 1006 717 a
1027 688 1138 729 paucis
1164 688 1340 726 sceleratis,
1366 689 1516 728 nefariis,
1542 702 1609 723 sae-

126 743 192 781 vis,
219 742 449 785 sanguinariis,
478 743 505 774 si
531 741 613 774 forte
640 743 774 786 imperia
803 743 1030 786 capessiverint
1045 767 1054 783 ,
1085 744 1237 788 impediri
1268 757 1384 789 posse,
1416 748 1610 791 quominus,

124 805 162 831 ut
186 806 368 832 ceterorum
394 800 626 840 animantium,
648 800 694 832 sic
720 800 855 832 humani
880 812 1011 844 quoque
1040 803 1186 844 generis,
1218 804 1393 836 continuus
1416 811 1457 835 sit
1487 811 1518 836 et
1545 813 1606 837 sta-

123 854 200 888 bilis
220 864 315 901 atque
339 864 489 904 constans
514 869 638 891 cursus.
689 859 722 890 Si
751 859 867 901 igitur,
901 869 983 902 quae
1008 859 1072 890 vita
1096 858 1238 902 praedita
1267 864 1358 900 sunt,
1382 862 1420 893 iis
1449 860 1608 894 infestissi-

70 932 82 940 ι
122 924 176 945 ma
197 915 328 946 inimica
352 926 439 947 mors
458 922 524 955 est,
549 927 646 960 quem
673 915 772 947 alium
794 915 936 959 proferre
959 916 994 947 iu
1019 915 1163 947 medium
1190 923 1246 948 aut
1279 919 1373 961 potui
1400 925 1456 950 aut
1489 919 1606 958 debui,

121 981 220 1015 quam
244 972 412 1016 capitalem
445 973 543 1014 istum
575 973 701 1015 generis
726 972 861 1004 humani
892 972 1018 1004 hostem
1032 996 1041 1012 ,
1071 973 1130 1015 qui
1154 984 1229 1004 cum
1254 974 1323 1017 ipsa
1356 982 1460 1007 morte
1487 982 1608 1008 morta-v

120 1027 202 1060 lium
222 1029 353 1061 caedem
381 1040 420 1060 eo
445 1036 542 1072 pacto
570 1031 706 1072 partitus
734 1041 802 1064 esse
825 1030 952 1062 videtur
966 1054 975 1069 ,
1007 1037 1044 1061 ut
1065 1030 1142 1062 haec
1167 1031 1372 1073 potissimum
1403 1040 1502 1065 aetate
1527 1044 1605 1075 com,

120 1083 237 1122 sectos,
254 1091 427 1128 :tamquam
452 1091 593 1116 maturas
618 1092 650 1117 et
681 1093 787 1118 coctas
820 1093 852 1118 et
881 1086 1070 1130 graviditate
1100 1093 1249 1119 nutantes
1274 1089 1403 1127 aristas,
1433 1091 1501 1133 ipse
1525 1101 1608 1131 veros

118 1140 359 1174 herbescentem
380 1142 561 1185 juventutis
587 1141 799 1182 viriditatem,
821 1150 916 1186 atque
937 1143 1194 1187 pulcherrimum
1216 1143 1330 1176 florem
1352 1145 1547 1177 demeteret?
1596 1176 1600 1190 ἐ

122 1214 126 1217 >
160 1198 344 1231 Educamus
369 1210 464 1238 vero,
486 1200 513 1231 si
540 1198 659 1242 placet,
679 1210 719 1230 ex
741 1200 809 1231 istis
842 1200 1044 1243 singularum
1060 1200 1207 1242 gentium
1226 1202 1382 1244 angustiis
1403 1203 1600 1246 orationem,

116 1265 252 1299 eamque
287 1256 329 1288 ad
360 1256 550 1288 universum
581 1255 753 1287 hominum
791 1267 894 1299 genus
925 1256 1139 1288 traducamus.
1184 1258 1284 1298 Quasi
1312 1269 1389 1290 vero
1412 1259 1539 1291 consilii
1559 1261 1603 1302 sit

116 1323 184 1353 res,
207 1320 336 1347 etrnon
360 1324 487 1345 necesse
502 1313 599 1345 nobis
621 1313 662 1344 sit
680 1319 838 1352 statuere,
862 1314 890 1345 si
908 1313 1053 1357 singulae
1073 1319 1178 1357 partes
1195 1321 1251 1346 aut
1270 1315 1432 1355 laborent,
1454 1323 1600 1360 autlper7

92 1372 94 1397 ἶ
115 1377 215 1414 petuo
239 1370 379 1414 quodam
406 1369 657 1414 perturbationis
684 1370 828 1413 periculo
846 1371 929 1409 sint,
954 1372 1000 1402 rei
1029 1371 1198 1403 universae
1217 1379 1271 1403 aut
1289 1372 1414 1404 nullam
1432 1384 1500 1404 esse
1519 1384 1594 1417 pos-

114 1437 171 1465 se,
197 1434 253 1459 aut
273 1439 341 1459 nou
359 1435 478 1459 certam
501 1427 764 1471 exploratamque
788 1428 1010 1470 integritatem.
1057 1428 1091 1460 Si
1119 1429 1207 1460 enim
1235 1429 1358 1460 siccatis
1391 1436 1486 1473 atque
1511 1430 1595 1473 pavi-

114 1491 226 1516 mento
242 1485 347 1516 stratis
375 1484 536 1522 maribus,
558 1483 699 1526 disjectis
727 1491 759 1516 et
782 1484 995 1528 complanatis
1015 1484 1151 1528 Alpibus
1168 1497 1204 1516 ac
1222 1486 1390 1528 Pyrenaeis
1411 1475 1595 1529 montibus,

114 1542 291 1584 ceterisque
315 1542 486 1584 regionum
510 1541 656 1573 terminis
670 1564 680 1579 ‚
704 1552 787 1584 quos
816 1547 870 1572 aut
890 1547 1006 1572 nitura
1032 1548 1088 1573 aut
1114 1542 1286 1573 hominum
1309 1542 1458 1574 voluntas
1475 1544 1591 1575 consti,-

113 1599 191 1638 tuit‚
213 1598 348 1631 revulsis
373 1605 469 1641 atque
484 1597 633 1637 sublatis,
657 1599 828 1630 universus
843 1605 1000 1630 terrarum
1023 1598 1111 1630 orbis
1131 1610 1196 1630 una
1213 1599 1369 1642 quaedam
1389 1598 1480 1632 fieret
1502 1611 1590 1632 com-

114 1657 224 1687 munis
259 1655 432 1689 hominum
459 1656 571 1687 civitas
584 1679 592 1694 ,
623 1655 728 1687 eidem
750 1656 887 1700 imperio
908 1666 1023 1700 parens
1044 1655 1222 1699 iisdemque
1247 1645 1419 1699 temperata
1442 1656 1588 1702 legibus,

111 1713 287 1745 necessario
309 1719 391 1744 esset
406 1718 617 1751 eventurum,
639 1719 693 1752 ut,
715 1723 797 1756 quae
815 1724 905 1744 nunc
921 1712 1058 1756 singulis
1078 1713 1160 1744 mala
1177 1713 1363 1745 nationibus
1382 1713 1587 1757 impendent,

111 1774 148 1802 ea
178 1776 310 1801 cunetae
338 1776 445 1802 esseut
484 1769 678 1812 reipublicae
702 1769 862 1802 humanae
887 1769 1148 1813 pertimescenda.
1195 1770 1227 1800 Si
1256 1776 1363 1801 autem
1387 1781 1427 1801 ne
1451 1771 1589 1812 civitatis

110 1827 241 1871 quidem
269 1833 364 1870 atque
386 1825 493 1869 legum
514 1827 727 1870 omniumque
750 1827 972 1859 institutorum
1002 1827 1191 1858 communio
1216 1832 1337 1857 tantam
1366 1826 1515 1858 habitura
1534 1838 1583 1859 es·

110 1892 158 1917 set
181 1891 310 1927 tamque
331 1882 459 1914 firmam
481 1882 592 1915 salutis
615 1883 842 1922 stabilitatem,
866 1890 903 1916 ut
925 1895 993 1915 non
1018 1883 1242 1926 improborum
1266 1883 1391 1915 insidiis
1415 1890 1446 1915 et
1465 1884 1586 1916 machi-

109 1940 314 1979 nationibus,
336 1939 561 1972 seditiosorum
585 1941 618 1972 vi
641 1947 737 1983 atque
765 1940 913 1979 audacia,
936 1951 1069 1979 eorum,
1093 1942 1152 1984 qui
1166 1947 1356 1984 regnarent,
1378 1940 1534 1972 indomita
1550 1947 1583 1972 et

111 1993 262 2035 effrenata
282 1997 498 2040 impotentia,
519 1996 725 2031 vehementer
747 1997 905 2036 confundi
922 1998 1094 2032 hominum
1109 1999 1176 2032 vita
1192 2004 1288 2042 atque
1304 1997 1490 2031 conturbari
1505 2006 1583 2045 pos·-

911 2054 938 2089 C
963 2066 982 2088 a
1523 2058 1572 2085 set
