1913 2427
309 146 347 185 ,a
708 143 1358 183 E.A.130RGER‚'

304 244 451 280 turitate,
476 240 530 273 sed
557 250 612 284 spe
638 247 670 272 et
692 239 923 282 exspectatione
945 237 1132 269 metiamini.
1185 235 1465 278 Quemadmodum
1485 236 1584 270 'enim
1620 238 1781 279 Solonem‘

305 300 466 333 Pisistrato
494 304 629 339 tyranno
650 296 834 340 quaerenti,
857 305 920 337 qua
945 293 1072 325 tandem
1099 304 1154 336 spc
1178 293 1277 326 fretus
1299 293 1360 325 Sibi
1391 299 1454 324 tam
1493 295 1654 327 audaciter
1685 295 1771 327 obsi-

285 362 424 402 -steret‚
447 353 645 397 respondisse
667 352 816 383 tradunt:
843 357 1022 382 senectute:
1046 351 1091 381 sic
1114 361 1196 393 ego,
1218 361 1292 381 cum
1317 360 1352 381 ea
1385 350 1464 381 mihi
1488 361 1538 382 res
1561 352 1696 394 gerenda
1713 353 1775 392 sit,

305 398 386 456 [luae
417 412 522 442 virum
554 410 713 452 requirat,
741 408 919 451 juventutis
948 407 1226 438 commendatione
1258 408 1373 447 nixus,
1405 407 1445 438 ad
1468 414 1589 439 vestrae
1611 419 1662 440 me
1689 408 1772 440 leni-

305 470 377 500 tatis
405 468 512 498 sinum
540 476 575 496 ac
606 464 799 508 praesidium
826 463 966 497 confero.
1013 466 1112 502 Tum,
1138 472 1178 495 ne
1205 463 1435 509 adolescentiae
1465 471 1590 508 tempus
1622 464 1666 496 ita
1690 463 1774 496 mihi

308 526 466 567 integrum
501 529 533 553 et
560 521 718 554 illibatum
751 521 847 553 fuisse
874 521 1015 564 putetis,
1047 528 1084 552 ut
1107 532 1237 552 omnem
1262 520 1349 552 illam
1377 527 1509 553 aetatem
1539 522 1575 553 in
1607 521 1776 554 literarum

308 581 421 613 studiis
449 579 604 611 collocare
621 585 653 610 et
673 589 860 610 consumere
877 578 959 609 mihi
977 578 1122 616 licuerit,
1141 588 1198 621 per
1217 577 1326 609 decem
1340 589 1442 609 annos
1465 578 1526 609 alia
1542 588 1642 621 eaque
1659 578 1776 621 gravis·

307 638 386 669 sima
411 635 577 678 disciplina
602 636 683 667 vitae
707 635 818 666 florem
839 645 906 666 non
930 635 1062 678 quidem
1085 645 1218 678 prorsus
1240 634 1386 675 depavit,
1415 634 1471 666 sed
1497 645 1646 678 magnam
1666 641 1778 666 tamen

306 694 392 726 succi
410 692 641 735 viriditatisque
668 699 788 736 partem
813 691 977 724 absumsit.
1022 694 1186 735 Regnante
1204 691 1368 723 Ludovico
1377 693 1489 723 Lector
1504 691 1552 722 fui
1566 690 1778 734 Theologiae‚

306 751 380 781 satis
401 759 500 792 aequa
524 756 555 780 et
575 749 729 781 tolerabili
752 748 954 787 conditione,
977 759 1058 791 quae
1086 755 1208 788 tamen,
1231 749 1259 780 si
1281 748 1361 792 quid
1376 749 1411 780 in
1430 759 1480 781 me
1496 755 1564 781 erat
1581 748 1723 791 ingenii,
1747 747 1778 779 si

306 806 385 850 quid
413 806 532 838 virium
562 816 598 837 ac
631 816 825 845 nervorum,
856 805 889 836 id
918 816 1034 845 omne,
1069 805 1392 849 quantulumcunque
1418 811 1510 845 erat,
1543 811 1580 836 ut
1607 803 1780 848 improbus

307 863 360 894 ille
386 862 471 906 apud
496 862 674 894 Phaedrum
699 863 770 904 leo,
793 861 854 894 sibi
881 863 940 894 uni
960 869 1120 895 assereret.
1175 865 1257 893 Tum
1280 873 1389 894 rerum
1418 863 1539 906 potitus
1562 868 1611 894 est
1633 860 1780 894 nefarius

309 919 363 951 ille
394 925 425 950 et
462 920 607 962 impurus
631 919 671 951 de
695 920 821 951 Corsica
845 918 1019 962 gladiator,
1058 920 1150 962 cujus
1177 919 1270 951 furor
1302 918 1416 951 studiis
1449 919 1584 958 nostris,
1616 917 1779 957 fortunis‚·

306 975 420 1015 bonis,
441 975 618 1008 cervicibus
644 977 783 1020 denique
808 976 1006 1008 imminebat.
1051 976 1152 1008 Vobis
1178 975 1258 1019 quid
1280 976 1448 1018 acciderit,
1469 976 1679 1014 meministis,
1701 973 1779 1006 Col·

306 1031 407 1074 legae!
443 1033 511 1074 Ego
535 1031 635 1063 factus
660 1043 733 1064 sum
755 1032 914 1065 Professor
936 1033 1137 1077 Adjunctus,
1168 1032 1364 1075 bombycina
1388 1039 1475 1064 veste
1499 1032 1652 1070 indutus,
1673 1030 1781 1062 omnia

306 1087 366 1120 bus
392 1094 496 1120 autem
523 1089 606 1120 vitae
633 1091 829 1122 ornamentis
859 1091 901 1121 ita
925 1091 1054 1134 penitus
1081 1096 1198 1121 exutus
1223 1096 1254 1121 et
1283 1089 1454 1133 spoliatus,
1488 1095 1541 1128 ut,
1573 1087 1722 1131 quamvis
1743 1086 1782 1118 in

304 1143 402 1176 literis
432 1156 585 1184 magnum
616 1146 767 1172 advorsus
796 1146 943 1174 fortunae
975 1147 1038 1180 tela
1070 1146 1265 1183 praesidium
1287 1147 1345 1186 sit,
1369 1153 1494 1184 tamen,
1523 1155 1599 1176 cum
1619 1142 1706 1176 istud
1719 1142 1784 1174 min

305 1199 340 1231 hi
366 1199 502 1241 injuriae
530 1207 614 1229 onus
642 1203 724 1229 esset
744 1195 988 1235 sustinendum,
1011 1207 1051 1228 ex
1070 1196 1122 1227 his
1144 1207 1251 1228 rerum
1276 1195 1534 1239 perturbatarum
1563 1198 1715 1229 fluetibus
1740 1197 1783 1231 ad

305 1256 405 1287 animi
437 1254 683 1297 studiorumque
711 1253 977 1297 tranquillitatem
1007 1264 1168 1296 emergere
1207 1263 1274 1284 non
1299 1253 1469 1296 potuerim.
1526 1254 1601 1285 Non
1621 1263 1682 1297 ego
1706 1264 1783 1287 sum

307 1312 433 1344 nescius
446 1335 456 1351 ,
480 1322 554 1343 cum
575 1311 649 1343 talia
681 1317 825 1355 tempora
849 1309 1040 1349 inciderint,
1064 1310 1213 1352 iniquum
1239 1320 1325 1350 esse,
1347 1316 1402 1341 aut
1429 1311 1593 1353 propriam
1625 1321 1662 1341 ac
1685 1320 1780 1354 prae·

307 1370 432 1412 cipuam
455 1367 617 1400 fortunam
644 1367 823 1412 postulare,
853 1374 908 1399 aut
930 1377 1075 1399 recusare
1098 1377 1323 1405 communem;
1352 1376 1443 1398 meus
1465 1373 1571 1399 autem
1604 1372 1636 1398 et
1670 1368 1780 1410 singu·

307 1423 381 1456 laris
399 1423 459 1456 fuit
477 1435 512 1457 ac
530 1425 687 1457 societatis
707 1435 820 1468 expers
838 1433 947 1463 casus,
966 1430 998 1456 et
1015 1430 1078 1455 tam
1098 1424 1203 1466 gravis
1217 1430 1346 1466 tamque
1355 1433 1463 1467 asper,
1482 1431 1536 1463 ut,
1551 1425 1578 1455 si
1593 1423 1674 1454 mihi
1693 1433 1781 1456 acer·

306 1479 429 1513 hissimi
459 1482 613 1526 temporis
641 1482 797 1514 memoria
821 1481 966 1512 oratione
998 1481 1039 1512 sit
1073 1479 1275 1523 replicanda,
1307 1479 1409 1520 diem,
1439 1490 1577 1518 vocem,
1606 1479 1703 1512 latera
1728 1489 1784 1511 me

307 1536 465 1570 defectura
487 1548 554 1570 esse
572 1537 717 1571 arbitrer.
761 1538 848 1579 Quid
874 1537 997 1583 reliqua
1019 1538 1214 1581 persequar?
1256 1537 1441 1569 Exarsi-mus
1474 1536 1648 1580 aliquando
1682 1535 1722 1569 ad
1744 1535 1783 1567 li-

310 1591 437 1625 bertatis
462 1594 694 1638 recuperandae
719 1595 944 1638 cupiditatem:
976 1602 1083 1639 erepta
1109 1606 1148 1626 ex
1176 1593 1301 1626 belluae
1334 1593 1480 1625 faucibus
1513 1592 1691 1635 respublica
1716 1597 1785 1623 est:

310 1648 391 1680 redit
419 1650 453 1681 in
486 1652 642 1694 patriam,
673 1654 866 1683 Batavorum
895 1651 1038 1683 humeris
1071 1651 1173 1690 latus,
1204 1651 1347 1693 optimus
1371 1657 1402 1681 et
1432 1649 1669 1681 illustrissimus
1690 1648 1782 1680 Prin·

309 1715 404 1747 ceps,
426 1707 486 1749 qui
513 1718 601 1740 nunc
625 1708 768 1741 humeris
794 1709 861 1751 ipse
883 1708 950 1740 suis
975 1708 1088 1752 populi
1113 1708 1221 1739 Batavi
1244 1706 1380 1739 salutem
1409 1705 1662 1750 dignitatemque
1687 1704 1783 1736 sustin

311 1767 377 1793 net.
421 1762 442 1793 ὀ
467 1762 695 1797 Admirabilem
726 1765 813 1796 illam
837 1772 869 1797 et
897 1765 1083 1809 sempiterni
1116 1764 1269 1808 temporis
1301 1763 1535 1807 praedicatione
1567 1760 1700 1803 dignam
1733 1770 1800 1792 rer

312 1826 385 1848 rum
406 1821 669 1861 conversionem,
693 1832 774 1865 quae
793 1833 860 1854 non
879 1821 1020 1854 labantes
1037 1821 1146 1861 fulsit,
1170 1821 1226 1853 sed
1242 1826 1416 1864 promatos
1438 1819 1559 1859 erexit,
1580 1827 1649 1849 non
1671 1826 1781 1860 aegroq

311 1872 353 1907 ἰὼ
377 1875 529 1914 satutem,
553 1877 607 1909 sed
630 1879 765 1910 mortuis
786 1879 885 1910 vitam
906 1878 1022 1911 attulit.
1072 1878 1169 1920 Quod
1191 1879 1218 1911 si
1248 1876 1359 1910 nullus
1388 1876 1564 1908 hominum>
1589 1873 1671 1907 ordo
1698 1872 1783 1914 fuit,

310 1929 414 1972 quin,
438 1932 634 1974 optatissimo
661 1936 782 1967 nuncio
806 1942 952 1979 accepto,
976 1935 1158 1968 incredibili
1176 1934 1293 1978 gaudio
1314 1932 1463 1978 perfusus
1485 1933 1526 1964 sit
1538 1955 1548 1970 ,
1573 1933 1657 1975 ipsas
1671 1932 1784 1964 Musas

306 1984 406 2019 anuto
420 1985 566 2022 taetiooes
579 1988 694 2026 choros
706 1992 805 2035 egisse
822 1992 959 2027 arbitror
967 2015 981 2039 ἓ
993 2003 1070 2026 cum
1083 1994 1154 2026 Vos
1172 1992 1336 2037 primum,
1355 1990 1424 2025 Vos
1439 1990 1572 2033 inquam
1581 2012 1592 2034 2
1605 1985 1780 2024 Clarissimi

1725 2042 1782 2075 Vi·
