1913 2427
330 109 370 142 ,3
682 103 725 136 H.
814 73 1439 139 A.HAMAK·ER‚

315 211 404 234 sacro
439 198 523 242 leges
553 202 585 228 et
621 196 786 240 praecepta
815 193 967 226 audistis:
1000 192 1119 225 furoris
1150 192 1240 236 ignes
1267 192 1308 224 ab
1331 203 1372 224 eo
1394 191 1590 233 concitatos,
1611 199 1645 225 et
1669 200 1739 226 tum
1761 202 1797 238 eg

320 263 448 303 postea,
471 253 690 285 indesinenter
720 253 830 284 arsisse
857 252 922 293 jam
946 249 1130 293 intelligitis.
1175 248 1270 290 Quod
1294 259 1372 292 ergo
1391 248 1434 280 ab
1451 249 1544 282 initio
1569 250 1797 302 explicandum

321 321 539 355 susceperam,
564 308 742 353 perfectum
762 315 794 340 et
820 307 1002 339 absolutum
1025 313 1083 339 est.
1135 306 1266 337 Utinam
1294 316 1370 341 vero
1399 316 1469 343 mea
1502 307 1604 338 oratio
1633 306 1673 338 ad
1701 307 1804 350 hujus

320 368 497 412 argumenti
525 364 780 408 magnitudinem
804 374 986 406 assurgere,
1011 362 1144 405 ejusque
1173 361 1375 405 splendorem
1398 362 1554 406 elegantia
1579 374 1637 395 sua
1659 373 1805 405 aequare

325 422 494 469 potuisset!
517 421 593 457 ,Vel
619 422 665 453 sic
695 428 820 460 tamen,
852 421 887 451 in
920 426 1006 458 tanta
1033 429 1120 451 meae
1144 417 1300 451 facultatis
1320 418 1554 458 imbecillitate,
1587 420 1644 451 vix
1667 419 1800 460 dubito,

326 481 406 524 quin
440 489 548 511 rerum
576 485 708 522 augusta
743 477 862 521 species
895 487 934 508 eo
963 476 1077 508 saltem
1109 486 1166 508 vos
1196 475 1358 507 induxerit
1375 500 1385 514 ‚
1419 482 1455 508 ut
1493 475 1617 508 felicem
1646 475 1739 507 illurn
1769 482 1803 516 et

320 538 445 580 egregia
468 541 552 566 sorte
575 541 748 566 mactatum
769 533 936 576 judicetis,
957 533 1028 572 cui,
1057 533 1092 563 in
1115 532 1372 575 contemplandis
1394 532 1611 564 Orientalium.
1640 532 1800 576 ingeniis,

322 591 507 624 illustranda
545 591 676 623 historia
691 615 701 630 ‚
734 590 924 634 indagandis
953 588 1169 629 facinoribus,
1198 589 1289 621 liceat
1314 600 1371 633 per
1398 599 1528 621 omnem
1561 589 1644 621 vitae
1671 597 1806 629 cursum>

323 649 392 681 sine
423 648 487 679 ulla
513 648 753 679 intermissione
780 647 910 679 versari.

365 707 449 736 Haec
468 705 566 747 igitur
592 704 772 736 beatissima
799 704 886 735 vitae
909 702 1072 741 conditio,
1095 713 1178 744 quae
1200 709 1276 734 ante
1301 701 1470 734 biennium
1496 704 1728 745 Franequeram
1744 712 1802 735 νον

325 768 416 799 cato,
441 772 508 792 uon
533 760 602 792 sine
626 761 745 803 insigni
771 759 878 792 favore
907 760 1026 791 summi
1045 760 1212 797 Numinis,
1238 758 1414 802 obtigerat,
1435 759 1529 797 haee,
1552 759 1706 802 inquam,
1728 768 1806 791 oon·

325 817 425 855 ditio,
450 823 486 848 ut
502 816 601 856 mihi,
625 817 659 848 in
677 817 760 848 alma
775 817 946 848 Musarum
964 815 1230 859 Lugdunensium
1252 816 1342 855 sede,
1360 817 1394 848 iu
1421 822 1583 860 posterum
1610 821 1676 855 rata
1696 820 1728 846 et
1751 814 1803 855 fir-

325 884 378 905 ma
402 879 561 912 maneret3
582 875 648 905 Vos
673 874 798 917 egregia
824 875 936 905 Vestra
960 872 1049 916 apud·
1078 873 1349 916 sapientissimum
1378 874 1496 916 Regem
1527 871 1810 913 commendatione

304 929 517 973 ,perfecistis,
545 930 612 962 Viri
633 929 854 962 illustrissimi!
884 931 1053 962 Curatores
1076 928 1291 963 Nobilissimi!
1331 931 1420 970 Quae
1436 931 1548 960 Vestra
1571 939 1648 972 erga.
1672 939 1724 961 me
1747 927 1804 961 be·

327 986 522 1018 nivolentiae
549 985 741 1029 significatio
767 986 838 1018 talis
863 993 912 1018 est
936 997 973 1018 ae
1002 992 1109 1024 tanta,
1130 992 1167 1017 ut
1195 996 1310 1028 parum
1339 991 1394 1017 aut
1419 984 1504 1016 nihil
1529 984 1651 1023 dicam,
1682 985 1713 1016 si
1735 994 1806 1028 pm·

325 1040 433 1081 fitear,
456 1052 528 1081 me,
546 1042 647 1086 hujus
671 1042 819 1074 beneficii
850 1053 981 1082 caussa,
1004 1043 1040 1074 in
1072 1049 1236 1075 aeternum
1268 1044 1349 1086 grati
1376 1043 1476 1077 animi
1501 1053 1598 1075 sensu
1619 1042 1809 1080 devinctum

327 1097 428 1130 Vobis
448 1098 705 1143 obstrictumque
716 1101 827 1135 teneri.
871 1100 1050 1133 Thesauros
1067 1101 1149 1132 mihi
1172 1101 1375 1133 committitis
1397 1100 1575 1135 Literarum
1588 1099 1809 1138 -Orientalimn

334 1154 508 1194 maximos,
539 1156 650 1198 copia,
682 1157 801 1199 pretio,
818 1156 966 1203 'utilitate
991 1157 1271 1201 incomparabiles*
1321 1159 1386 1190 Hos
1417 1167 1487 1188 mea
1510 1167 1610 1200 opera
1638 1167 1661 1188 a·
1687 1158 1752 1190 situ
1768 1162 1808 1196 ,ᾳ

330 1210 494 1253 squalore,
525 1221 544 1242 a
577 1211 716 1244 tenebris
739 1219 771 1244 et
795 1213 943 1256 neglectu
969 1213 1150 1253 vindicari,
1180 1214 1238 1256 hos
1263 1214 1299 1246 in
1332 1213 1437 1246 lucem
1467 1219 1499 1245 et
1525 1214 1623 1248 vitam
1644 1210 1811 1256 protrahi,

331 1272 364 1297 et
386 1266 420 1297 in
443 1266 590 1298 notitiam
611 1268 812 1301 eruditorum
832 1268 968 1313 proferri
987 1270 1123 1311 jubetis:
1139 1272 1194 1309 et,
1217 1276 1254 1302 ut
1276 1270 1517 1313 paucis,omnia
1537 1269 1746 1312 complectar,
1764 1277 1811 1309 >eo

328 1331 380 1353 me
403 1323 523 1354 ornatis
545 1333 696 1363 munere,
725 1336 792 1368 quo
825 1325 914 1359 baud·
939 1326 1006 1357 scio
1039 1335 1080 1357 an
1106 1325 1233 1357 nullum
1266 1325 1317 1358 vel
1338 1326 1567 1361 ardentissimis
1590 1326 1675 1362 votis
1699 1325 1811 1365 a-Deo

333 1378 464 1421 Optimo
492 1380 633 1412 Maximo
663 1380 821 1413 illustrius
846 1389 878 1413 et
897 1381 1075 1425 jucundius
1099 1380 1265 1425 efflagitari
1294 1383 1406 1425 possit.
1444 1384 1532 1415 ,Nam
1553 1382 1581 1416 si
1605 1386 1810 1424 magnumsst

330 1439 376 1465 est
403 1441 435 1465 et
464 1434 616 1475 habetur,
646 1437 692 1468 sic
726 1437 866 1481 aliquem
895 1439 929 1469 in
957 1438 1011 1469 illa
1029 1461 1038 1477 ,
1073 1448 1171 1481 quam
1197 1437 1410 1481 profiteatur,
1437 1438 1611 1481 disciplina
1639 1436 1806 1488 occupari?

332 1496 385 1528 ut,
406 1490 566 1534 quidquid
590 1491 634 1523 ab
649 1492 721 1524 aliis
744 1494 913 1525 inventum
934 1495 998 1534 sit,
1029 1494 1070 1526 ad
1093 1495 1349 1527 emolumentum
1372 1495 1537 1539 publicum
1552 1493 1691 1533 »38ἷωῖῐὸ
1711 1492 1813 1529 maxi·

304 1583 306 1585 ‚
333 1555 423 1576 mum
444 1554 527 1578 certe
551 1553 583 1579 et
606 1550 881 1592 exoptatissimum
903 1551 1077 1583 existimari
1101 1550 1212 1590 debet,
1236 1553 1272 1583 in
1295 1563 1334 1584 eo
1359 1551 1430 1584 loco
1449 1562 1516 1583 esse
1542 1551 1701 1594 positum,
1723 1547 1812 1587 unde

335 1607 454 1633 veteres
485 1602 704 1653 doctrinarum
737 1606 855 1638 limites
882 1609 1086 1650 transgredi,
1114 1620 1290 1652 earumque
1312 1609 1402 1641 fines
1430 1607 1625 1652 amplificare
1651 1600 1754 1650 pios-§is
1775 1611 1810 1644 fit

335 1658 515 1692 extendere.
558 1663 682 1693 Verum
712 1664 877 1695 enimvero
890 1675 909 1702 ,·
931 1675 999 1708 quo
1020 1666 1127 1707 *major
1160 1666 1352 1708 graviorque
1383 1664 1486 1699 futu-ri
1506 1662 1813 1721 muneQS—ffiglfilflss

337 1713 417 1744 mibi
445 1715 544 1747 videri
564 1717 663 1757 solet,
685 1730 724 1750 eo
748 1721 872 1759 minus,
891 1721 963 1752 »Viri
985 1719 1207 1752 illustrissimi!
1233 1731 1284 1752 me
1309 1722 1428 1754 Vestris
1449 1720 1614 1755 desideriis
1627 1718 1811 1766 satisfactu-

338 1780 412 1802 rum
438 1783 543 1816 spero.
590 1777 679 1807 Hanc
703 1787 790 1808 enim
816 1783 921 1809 tantae
944 1777 1039 1810 molis
1061 1778 1259 1820 provinciam
1277 1788 1346 1810 non
1366 1788 1403 1809 ea
1424 1785 1537 1811 *mente
1554 1776 1702 1820 suscepi,
1719 1773 1811 1819 quod

336 1824 488 1860 humeros
517 1832 606 1862 oneri
629 1831 760 1865 ferendo
775 1843 881 1880 ‘pares
912 1844 980 1866 esse
1012 1835 1246 1874 existimarem,
1271 1834 1328 1871 sed
1360 1834 1450 1877 quod
1468 1833 1697 1871 assiduitate„
1715 1831 1811 1871 indu·

338 1883 434 1921 stria,
458 1884 645 1929 diligentia,
677 1890 726 1921 uti
754 1889 794 1921 ab
820 1889 991 1928 omnibus,
1023 1891 1070 1923 sic
1094 1901 1114 1923 a
1135 1902 1208 1930 me,
1237 1891 1279 1923 ad
1309 1890 1468 1924 bonarum
1495 1891 1713 1925 doctrinarum
1735 1896 1811 1931 μεθ·

340 1948 484 1981 gressum
500 1944 663 1975 ¹nonnihil
685 1945 825 1978 conferri
842 1957 936 1990 posse
954 1947 1173 1992 intelligerem.
1208 1949 1386 1982 ›Caeterum
1406 1948 1436 1982 si
1459 1947 1540 1991 quid
1563 1947 1642 1982 olim
1654 1946 1702 1980 ,ὶιι
1722 1944 1810 1982 ham
