1913 2427
344 111 827 146 DISSERTATIO
890 114 1432 152 PurLo‘soPHICA.
1604 115 1648 155 45

169 208 267 239 Homo
290 215 348 236 non
374 212 484 235 tantum
506 214 536 234 se
557 213 619 234 esse
643 204 749 240 sentit,
771 204 820 233 sed
840 212 867 234 et
889 206 962 235 alios
985 216 1063 237 extra
1085 218 1115 237 se
1140 218 1201 238 esse
1222 211 1369 248 percipit,
1396 211 1542 241 communi
1560 217 1587 240 et
1609 211 1649 240 si-

132 261 194 290 mili
218 267 316 289 natura
340 259 397 288 sibi
421 258 552 294 aequales
576 264 603 286 et
631 258 823 294 conjunctos:
857 277 874 293 ,‚
894 259 968 287 nihil
993 267 1036 288 est
1068 260 1141 290 enim
1173 270 1263 290 unum
1297 263 1346 291 uni
1372 269 1427 291 tam
1450 263 1562 297 simile,
1589 269 1647 290 tam

133 333 153 349 ,,
172 321 242 349 pas,
268 320 353 347 quam
379 319 477 339 omnes
505 310 579 338 inter
605 315 719 338 nosmet
748 309 830 345 ipsos
854 317 967 338 sumus
1008 311 1122 350 Quodsi
1148 313 1312 349 depravatio
1336 314 1601 349 consuetudinum,
1623 313 1649 342 si

131 385 152 402 „
171 364 340 401 opinionum
373 363 510 398 vanitas,
539 371 598 391 non
627 361 848 390 imbecillitatem
876 362 1035 391 animorum
1063 371 1210 399 torqueret
1237 371 1264 393 et
1292 365 1443 401 flecteret,
1472 374 1651 401 quocunque

131 436 152 453 „
171 416 334 452 coepisset,
356 416 402 443 sui
423 423 506 444 nemo
528 421 582 442 tam
605 413 709 442 similis
726 420 819 447 esset,
843 421 926 448 quam
949 422 1046 442 omnes
1067 422 1136 443 sunt
1159 415 1297 446 omnium.
1341 417 1443 453 Itaque
1461 424 1650 453 quaecunque

128 488 152 505 2,
170 474 214 497 est
231 466 356 495 hominis
371 466 523 501 definitio,
545 475 601 495 una
622 466 650 495 in
667 474 765 495 omnes
780 465 866 494 valet.
901 464 990 503 Quod
1004 467 1163 503 argumenti
1184 468 1255 496 satis
1276 475 1340 503 est,
1365 469 1473 497 nullam
1497 468 1647 497 dissimili-

130 539 151 556 „
170 518 299 548 tudinem
320 526 382 547 esse
401 518 431 546 in
453 526 568 555 genere:
600 526 673 553 quae
702 518 728 546 si
754 523 847 552 esset,
873 526 932 546 non
959 526 1015 546 una
1047 527 1145 547 omnes
1179 519 1308 548 definitio
1339 525 1507 562 coerceret..
1532 520 1649 551 Etenim

132 591 152 607 ‚‚
171 571 263 606 ratio,
288 578 345 606 qua
367 578 423 598 una
445 576 620 604 praestamus
642 568 774 603 belluis,
791 576 842 604 per
864 576 947 603 quam
972 570 1135 606 conjectura
1163 568 1309 606 valemus,
1339 580 1587 609 argumentamur,
1609 582 1651 602 re-

131 643 151 659 „
170 621 319 657 fellimus,
338 620 525 656 disserimus,
548 619 721 649 conficimus
742 619 872 661 aliquid,
900 621 1127 657 concludimus,
1153 629 1228 650 certe
1250 629 1294 650 est
1313 625 1497 660 communis;
1519 625 1651 654 doctrina

120 693 152 710 ⁴„
170 673 323 708 differens,
343 672 471 701 dIscendi
488 672 600 707 quidem
617 670 743 700 facultas
759 679 828 707 par,
845 680 909 700 nam
928 672 1102 714 et'sensibus
1119 674 1214 702 eadem
1233 675 1330 703 omnia
1347 676 1648 711 comprehenduntur:

131 746 152 763 „
171 732 199 754 et
218 733 271 759 ea,
294 731 366 760 quae
388 730 506 753 movent
528 732 654 759 sensus,
675 723 770 751 itidem
789 727 908 750 movent
922 717 1065 751 omnium:
1089 732 1220 759 quaeque
1244 725 1346 754 animis
1365 719 1587 769 imprimuntur,
1618 728 1652 757 de

131 797 152 814 „
171 776 280 813 quibus
297 782 362 805 ante
383 775 462 811 dixi,
487 776 634 804 inchoatae
651 773 872 810 intelligentiae,
894 773 1026 802 similiter
1046 774 1074 802 in
1091 775 1226 804 omnibus
1248 776 1471 812 imprimuntur:
1501 779 1653 815 interpres-

131 848 154 865 „
170 836 226 865 que
253 834 296 858 est
324 827 426 856 mentis
458 826 577 862 oratio,
604 826 700 854 verbis
721 826 886 861 discrepans
902 845 913 859 ,
942 826 1090 854 sententiis
1120 835 1296 864 congruens.
1345 829 1407 858 Nec
1430 837 1473 859 est
1494 831 1652 867 quisquam

131 901 153 917 „
171 880 266 917 gentis
286 879 395 914 ullius,
417 876 467 915 qui
489 880 590 907 ducem
613 884 740 906 naturam
758 878 880 912 nactus,
906 877 945 905 'ad
966 877 1101 905 virtutem
1123 878 1270 914 pervenire
1289 881 1348 909 non
1362 872 1477 917 possit}
1489 880 1500 888 '¹
1517 883 1577 912 Nec
1592 885 1647 912 ‘so'-

131 952 151 969 „
170 932 231 960 lum
253 931 283 960 in
306 930 410 965 rectis,
432 930 482 958 sed
502 929 585 958 etiam
608 929 638 958 in
657 929 871 966 pravitatibus,
893 929 1016 965 insignis
1043 937 1086 959 est
1108 929 1227 959 humani
1248 932 1358 968 generis
1384 932 1652 970 similitudozrnam

131 1003 153 1020 „
172 991 200 1012 et
224 983 373 1018 voluptate
399 982 552 1017 capiuntur
574 989 692 1015 omnes,
715 988 787 1015 quae
809 979 862 1008 etsi
886 986 930 1008 est
954 979 1084 1009 illecebra
1109 982 1318 1019 turpitudinis,
1339 980 1434 1013 tam'en
1459 984 1551 1013 habet
1562 986 1651 1022 quid-

131 1054 151 1070 ,‚
171 1035 234 1063 dam
255 1033 351 1062 simile
374 1032 512 1061 naturalis
529 1031 616 1060 boul:
638 1032 768 1061 laevitate
790 1031 863 1059 enim
880 1038 907 1059 et
928 1032 1069 1061 suavitate
1092 1033 1257 1070 delectans,
1287 1036 1328 1064 sic
1347 1036 1401 1064 ab
1407 1045 1500 1065 errore
1522 1038 1646 1075 mentis,

129 1093 314 1123 „tamquam
336 1085 459 1114 salutare
475 1083 610 1120 aliquid,
637 1083 825 1112 adsciscitur:
849 1082 1000 1119 simIquue
1011 1084 1126 1114 inscitia
1143 1093 1220 1114 mors
1251 1085 1386 1123 fugitur,
1414 1085 1496 1124 quasi
1524 1089 1651 1119 dissolu'-

129 1158 150 1175 „
170 1137 212 1166 tio
230 1144 366 1172 naturae,
390 1135 448 1164 vita
468 1135 626 1171 expetitur,
650 1134 717 1170 quia
733 1143 807 1169 n05,
829 1133 858 1162 i'n
878 1143 935 1170 quo
956 1135 1017 1163 nati
1035 1144 1156 1171 sumus,
1184 1137 1337 1174 continet·
1354 1139 1439 1168 dolor
1464 1139 1492 1168 in
1518 1142 1649 1172 maximis

127 1207 150 1226 ὴ
169 1189 252 1219 malis
276 1188 413 1224 ducitur,
435 1196 500 1216 cum
527 1195 579 1216 sua
603 1186 773 1222 asperitate,
795 1192 858 1213 tum
881 1186 962 1221 quod
978 1193 1095 1216 naturae
1109 1188 1242 1217 interitus
1263 1189 1376 1218 videtur
1393 1187 1649 1230 seqtii;·pr0pt·e1¹'.

129 1261 150 1278 „
171 1249 228 1277 que
253 1239 415 1268 honestatis
440 1246 466 1267 ct
495 1239 602 1275 gloriae
629 1238 844 1267 similitudinem
869 1237 970 1274 beati,
1002 1238 1052 1274 qui
1081 1239 1214 1268 honorari
1240 1248 1336 1276 sunt,
1362 1242 1520 1270 videntur·
1512 1264 1522 1279 ,
1553 1244 1651 1273 miseri

128 1313 149 1337 ,ρ
169 1299 282 1327 autem,
305 1291 354 1326 qui
373 1290 509 1327 inglorii:
530 1290 696 1325 molestiae,
717 1290 854 1324 laetitiae,
877 1289 1072 1325 cupiditates,
1094 1291 1229 1324 timores
1247 1292 1378 1321 similiter
1395 1294 1524 1324 omnium
1540 1301 1652 1332 mentes

129 1364 148 1380 ‚,
168 1348 378 1380 pervagantur:
400 1350 472 1376 nce,
495 1341 520 1369 si
546 1341 696 1377 opiniones
718 1341 787 1369 aliae
809 1348 877 1370 sunt
901 1343 977 1378 apud
997 1342 1090 1379 alios,
1120 1344 1245 1379 ilcirco,
1276 1346 1325 1380 qui
1348 1354 1444 1382 canem
1466 1354 1493 1375 et
1512 1348 1595 1377 felem
1617 1354 1651 1378 ut

130 1414 149 1431 „
168 1396 237 1423 deos
258 1394 378 1429 colunt,
400 1401 459 1420 non
481 1392 574 1420 eadem
591 1392 816 1428 superstitione,
848 1401 904 1428 qua
921 1401 1027 1423 ceterae
1044 1401 1164 1431 gentes,
1193 1395 1405 1426 conflictantur.
1433 1398 1526 1435 Quae
1555 1407 1650 1429 autem

129 1466 148 1482 „
168 1445 248 1475 natio
265 1453 326 1474 non
340 1443 522 1478 comitatem,
538 1451 597 1472 non
613 1443 841 1480 benignitatem,
854 1453 913 1473 non
932 1453 1041 1481 gratum
1060 1447 1103 1474 an}
1107 1443 1186 1474 mum
1203 1454 1230 1475 et
1250 1448 1301 1475 ben
1305 1447 1380 1476 cficii
1397 1457 1570 1502 memorem,
1587 1452 1651 1481 dili·

129 1517 149 1533 „
168 1496 233 1533 git‘2
263 1504 333 1532 quae
354 1494 515 1531 superbos,
547 1502 619 1529 quae
641 1493 807 1530 maleficos,
838 1503 911 1530 quae
931 1496 1078 1531 crudeles,
1102 1505 1174 1532 quae
1197 1496 1349 1534 ingratos
1341 1519 1352 1534 ,
1379 1497 1438 1528 non
1461 1509 1651 1540 aspernatur,

127 1567 148 1586 „
167 1555 226 1577 non
251 1545 335 1576 odit‘²
365 1545 474 1581 quibus
499 1553 532 1575 ex
557 1547 642 1574 rebus
671 1555 736 1574 cum
762 1554 846 1574 omne
881 1554 970 1582 genus
993 1546 1143 1576 hominum
1165 1550 1305 1578 sociarum
1330 1551 1403 1579 inter
1428 1559 1458 1580 se
1480 1562 1543 1582 esse
1568 1548 1651 1585 intel,

129 1619 148 1636 ‚,
168 1599 293 1636 ligatur,
312 1597 385 1626 illud
408 1604 565 1626 extremum
588 1605 650 1634 est,
679 1598 759 1632 quod
780 1604 857 1626 rect-e
883 1597 998 1627 vivendi
1025 1599 1098 1641 ratio
1127 1599 1257 1630 meliores
1282 1601 1396 1631 efficitst
1398 1601 1485 1642 ²(a'e'
1503 1604 1596 1647 chg.

126 1658 174 1682 ιο.
199 1651 268 1688 11.)

165 1703 262 1738 Haec,
284 1710 456 1738 quamquam
484 1710 542 1731 non
563 1703 657 1732 omnia
678 1709 705 1732 et
724 1701 837 1740 singula
857 1710 946 1738 aeque
975 1702 1058 1732 facile
1081 1704 1259 1740 probentur,
1288 1685 1378 1742 atque
1396 1707 1430 1735 ab
1454 1708 1531 1737 omni
1556 1709 1651 1746 obJ'ec-

128 1755 207 1784 tione
227 1754 428 1789 vindicentur,
452 1753 583 1783 universe
609 1760 721 1790 tamen,
751 1754 776 1783 si
807 1755 962 1784 consilium
997 1763 1130 1792 spectes,
1161 1764 1234 1785 recte
1258 1757 1295 1786 ita
1330 1760 1519 1795 argumentari
1552 1761 1651 1789 Cicero

127 1807 257 1835 videtur:
284 1814 349 1834 nam
369 1805 479 1834 etiamsi
503 1805 607 1834 diversi
636 1806 758 1835 fortasse
785 1814 854 1836 sunt
884 1807 1015 1836 homines
1044 1807 1231 1836 facultatibus
1255 1809 1504 1840 nativis'rzi'tione
1533 1814 1650 1850 quami-

129 1859 220 1891 tatis‚
249 1863 280 1885 ut
310 1857 472 1892 loquuntur
499 1856 675 1894 Dialectici,
701 1859 810 1888 ratione
840 1866 935 1888 tamen
966 1859 1121 1897 qualitatis
1151 1859 1277 1888 universi
1312 1867 1339 1888 et
1368 1862 1475 1898 singuli
1506 1863 1648 1891 simillimi

131 1914 212 1941 sunt.
253 1907 285 1936 In
301 1907 435 1936 omnibus
457 1908 528 1936 idem
553 1908 635 1944 plane
661 1909 760 1938 subest
782 1909 1016 1945 fundamentu1113
1047 1909 1204 1946 initiaque,
1236 1917 1296 1939 tum
1325 1913 1441 1948 corpori
1470 1919 1530 1942 tum
1553 1915 1648 1942 animo

129 1959 236 1996 infixa,
266 1959 316 1994 uni
341 1959 424 1995 data,
451 1967 503 1988 nec
525 1960 604 1988 alteri
631 1967 730 1999 negata
753 1959 841 1994 fuere.
881 1963 1018 1998 Cumque
1038 1962 1077 1991 ita
1091 1969 1168 1992 tanta
1185 1969 1300 1993 naturae
1324 1963 1510 1994 similitudine
1530 1966 1650 2001 conjun-

945 2013 967 2041 F
988 2022 1005 2051 3
1581 2022 1650 2053 gan-
