1913 2427
256 143 299 183 m
574 141 602 174 s.
689 143 729 173 R.
815 121 1408 172 Thou-Benna

263 249 291 270 „
311 237 392 264 rum3
425 236 484 264 quo
513 229 611 259 studio
642 236 708 257 cum
729 227 823 256 satiari
848 235 906 256 non
931 233 1074 263 possunt,
1103 229 1230 256 omnium
1262 233 1417 256 ceterarum
1452 235 1544 256 rerum
1568 226 1674 264 obliti,
1702 227 1776 270 nihil

269 301 293 317 ‚,
314 279 478 317 abjectum,
503 280 576 309 nihil
602 279 710 308 humile
731 279 881 315 cogitant;
911 284 1045 314 tantaque
1067 285 1109 308 est
1137 279 1180 306 vis
1207 278 1314 307 talibus
1339 278 1368 307 in
1392 279 1517 314 studiis,
1543 284 1576 307 ut
1601 287 1652 308 eos
1675 280 1776 315 etiam,

268 351 294 368 „
317 331 367 367 qui
387 331 444 359 sibi
469 331 542 360 alios
569 338 783 367 proposuerunt
814 329 885 358 fines
917 329 1083 364 bonorum,
1115 338 1189 365 quos
1223 329 1347 358 utilitate
1371 338 1420 359 aut
1452 331 1601 366 voluptate
1632 330 1782 368 dirigunt,

273 402 298 420 ,‚
319 388 411 411 tamen
428 382 458 410 in
476 383 561 410 rebus
576 381 743 416 quaerendis
759 380 993 417 explicandisque
1010 382 1121 410 naturis
1136 386 1239 409 aetates
1257 387 1402 410 conterere
1420 381 1579 410 videamus.
1594 381 1655 409 sib.
1670 390 1695 411 c.
1714 383 1782 419 20.)

273 454 297 470 ,‚
320 432 465 469 Imprimis
494 433 566 461 enim
590 432 700 460 homini
717 438 760 460 est
784 432 898 468 propria
918 432 976 460 veri
998 432 1170 476 inquisitio,
1199 438 1284 467 atque
1304 431 1499 469 investigatio.
1537 431 1636 467 Itaque
1654 440 1722 461 curn
1743 431 1785 461 si-

271 505 298 521 „
320 493 385 512 mus
410 483 579 512 necessariis
599 482 723 519 negotiis
746 482 882 518 curisque
903 483 1006 518 vacui,
1029 490 1088 512 tum
1113 491 1228 511 avemus
1250 483 1359 519 aliquid
1383 483 1497 519 videre,
1521 473 1637 519 audire,
1657 483 1786 512 addisce-

275 556 301 571 ‚,
322 544 368 570 re,
390 535 645 572 cognitionemque
663 542 755 562 rerum
781 540 829 562 aut
853 535 1027 563 occultarum
1056 541 1105 563 aut
1135 535 1311 563 mirabilium-
1334 535 1369 564 ad
1396 534 1476 562 beate
1503 528 1659 567 vivendum
1689 543 1788 564 neces·

275 606 300 623 ,‚
322 586 421 615 sariam
445 586 591 615 ducimus.
627 586 673 614 Ex
691 594 750 622 quo
772 585 960 623 intelligitur,
989 587 1068 622 quod
1092 595 1210 621 verum,
1233 586 1356 622 simplex
1373 586 1575 622 sincerumque
1597 586 1654 621 sit,
1675 585 1705 614 id
1726 592 1791 615 esse

275 658 301 674 ‚,
322 644 438 666 naturae
464 637 590 667 hominis
611 637 807 673 aptissimum.
849 637 926 665 Huic
950 638 1009 666 veri
1026 637 1139 666 videndi
1157 637 1308 674 cupiditati
1330 638 1461 675 adjuncta
1479 643 1523 666 est
1543 637 1682 673 appetitio
1705 645 1791 672 quae-

272 708 299 724 „
319 689 381 717 dam
404 688 582 725 principatus
597 709 608 723 ,
637 694 669 715 ut
690 688 794 717 nemini
819 696 912 722 parere
941 689 1052 717 animus
1079 689 1149 717 bene
1169 697 1185 717 a
1207 695 1306 717 natura
1331 688 1503 718 informatus
1524 688 1612 724 vesit,
1632 688 1689 717 nisi
1709 695 1794 724 prae·

275 759 300 776 „
322 739 440 775 cipienti
466 747 514 768 aut
535 739 670 775 docenti,
696 746 746 767 aut
765 739 898 767 utilitatis
925 747 1010 767 causa
1033 740 1112 776 juste
1142 746 1170 768 et
1200 739 1324 776 legitime
1351 739 1518 775 imperanti3
1551 748 1586 768 ex
1617 748 1677 776 quo
1705 738 1793 768 animi

274 810 301 826 „
322 791 490 827 magnitudo
517 791 631 825 existit,
654 791 898 825 humanarumque
918 798 1010 818 rerum
1033 790 1204 819 contemtio.
1233 789 1288 826 (cle
1310 789 1368 826 Off.
1393 793 1414 819 1.
1436 792 1493 827 4.)
1532 791 1612 827 Ergo
1643 791 1700 819 hoc
1725 789 1791 826 qui-

268 863 303 878 .,‚
324 843 386 870 dem
409 849 544 878 apparet,
568 850 622 870 nos
645 842 679 870 ad
705 842 842 878 agendum
866 849 928 869 esse
946 848 1040 870 natos·
1081 842 1237 870 Actionum
1262 848 1355 870 autem
1379 849 1479 878 genera
1506 841 1610 878 plura,
1631 847 1665 870 ut
1687 841 1794 870 obscu-

277 914 302 930 ‚,
324 900 421 922 rentur
436 894 519 922 etiam
541 893 650 922 minora
670 893 838 930 majoribus.
878 892 1021 920 Maximae
1041 900 1133 921 autem
1156 900 1245 928 sunt,
1266 893 1408 928 primum,
1426 899 1459 920 ut
1482 892 1552 920 mihi
1577 892 1691 928 quidem
1712 892 1792 921 vide·

277 964 302 981 „
325 951 390 980 tur,
411 952 439 973 et
460 945 517 979 iis,
545 952 669 980 quorum
694 952 772 972 nunc
793 944 822 972 in
838 943 967 972 oratione
989 953 1150 979 versamur,
1172 943 1382 977 consideratio,
1403 944 1591 979 cognitioque
1611 951 1703 972 rerum
1726 932 1791 971 coe·

277 1015 304 1032 ,‚
323 996 459 1029 lestium,
487 1002 515 1024 et
536 1003 653 1030 earum,
681 1003 752 1031 quas
774 1004 789 1029 a
814 1000 914 1023 natura
943 995 1072 1023 occultas
1097 1001 1123 1023 et
1147 995 1266 1023 latentes
1291 995 1423 1030 indagare
1445 993 1516 1022 ratio
1548 1001 1664 1029 potest,
1692 994 1794 1023 deinde

274 1066 301 1083 „
323 1054 447 1083 rerump.
479 1046 706 1081 administratio,
731 1053 779 1074 aut
800 1045 1018 1075 administrandi
1044 1045 1182 1080 scientia,
1210 1052 1271 1074 tum
1298 1045 1440 1081 prudens,
1466 1050 1637 1081 temperata,
1662 1043 1748 1074 fortis
1765 1050 1794 1073 et

275 1119 300 1135 „
319 1099 397 1135 justa
418 1098 510 1134 ratio,
533 1099 713 1134 reliquaeque
736 1098 857 1126 virtutes
885 1103 912 1125 et
935 1096 1063 1126 actiones
1087 1097 1247 1126 virtutibus
1268 1103 1474 1134 congrui-ntes:
1506 1104 1596 1131 quae,
1622 1104 1679 1125 uno
1705 1096 1795 1125 verbo

278 1171 303 1186 „
325 1149 467 1185 complexi
490 1150 604 1185 omnia,
634 1150 754 1178 honesta
773 1149 905 1177 dicimus.
946 1148 993 1176 Ad
1021 1156 1143 1184 quorum
1168 1148 1250 1176 etiam
1281 1148 1475 1184 cognitionem
1498 1153 1525 1176 et
1550 1155 1634 1176 usum
1654 1148 1712 1185 Jam
1732 1155 1799 1177 cor·

275 1221 300 1238 „
321 1200 449 1230 roborati
469 1207 570 1229 natura
590 1201 654 1237 ipsa
678 1207 829 1236 praeeunte
851 1199 1028 1228 deducimur.
1040 1199 1059 1211 ”
1081 1199 1139 1233 (de
1161 1199 1227 1229 Ftn.
1249 1199 1287 1227 V.
1311 1203 1382 1235 21.)

315 1253 476 1287 Antequam
506 1252 541 1280 ad
570 1251 666 1279 harum
701 1251 905 1280 sententiarum
941 1251 1056 1286 pondus
1089 1257 1116 1278 et
1151 1250 1363 1282 argumentandi
1407 1250 1543 1278 rationem
1576 1248 1793 1286 dijudicandum

276 1310 474 1337 transeamus,
496 1302 699 1337 observemus,
722 1311 807 1337 quam
829 1302 938 1339 egregie
967 1309 1000 1330 ex
1022 1302 1116 1330 allatis
1139 1310 1153 1330 e
1181 1301 1315 1330 Cicerone
1344 1301 1417 1329 locis
1453 1300 1600 1335 firmetur,
1629 1309 1713 1339 quam
1747 1309 1796 1330 an·

277 1362 321 1383 tea
339 1356 393 1390 jam
419 1353 571 1388 dedimus,
595 1353 712 1381 rationis
732 1360 878 1388 veterum,
901 1352 930 1380 iu
949 1358 1048 1380 natura
1064 1352 1186 1380 humana
1209 1353 1427 1387 cognoscenda,
1449 1351 1613 1388 explicatio.
1655 1352 1797 1381 Conside-

277 1412 375 1434 rantur
398 1404 542 1438 infantes,
567 1410 600 1431 ut
619 1404 648 1432 in
666 1404 758 1439 primo
778 1403 859 1438 quasi
882 1403 1104 1440 ortujacentes,
1126 1410 1211 1439 atque
1226 1403 1255 1431 iu
1269 1403 1507 1438 comparationem
1533 1403 1714 1431 adducuntur
1737 1402 1797 1431 ani-

278 1456 381 1491 malia3
404 1455 550 1484 inducitur
564 1462 638 1483 aetas
657 1454 791 1491 puerilis,
814 1454 842 1482 iu
860 1462 917 1489 qua
931 1454 1019 1489 magis
1031 1455 1108 1491 jam,
1130 1454 1200 1489 quid
1221 1460 1333 1489 expetat
1359 1460 1479 1488 natura,
1502 1452 1646 1488 cernitur,
1674 1454 1796 1489 eJusque

280 1508 374 1537 studia
397 1513 423 1536 et
446 1513 570 1535 conatus
587 1515 602 1534 a
621 1512 719 1534 natura
745 1504 868 1541 profecti
896 1511 1026 1533 accurate
1049 1506 1281 1541 perpenduntur3
1308 1505 1461 1534 comitatur
1482 1504 1606 1538 denique
1627 1504 1798 1533 observator

278 1559 503 1595 progredientem
529 1564 667 1592 aetatem,
688 1564 773 1591 atque
793 1555 922 1591 semina,
946 1557 974 1586 in
998 1556 1159 1585 infantibus
1183 1556 1314 1591 lattntia,
1336 1555 1365 1584 iu
1386 1555 1482 1592 pueris
1501 1555 1660 1590 turgentia,
1681 1555 1795 1583 exculta

278 1610 333 1646 jam
357 1616 383 1637 et
405 1607 531 1644 perfecta
556 1617 588 1637 ex
608 1608 676 1637 viris
701 1607 796 1642 elicit,
819 1616 852 1636 eo
875 1608 981 1642 modo,
1009 1614 1041 1635 ut
1064 1608 1206 1643 optimum
1231 1615 1374 1643 quemque
1390 1615 1532 1642 tamquam
1549 1605 1663 1642 effigiem
1680 1612 1797 1634 naturae

277 1668 365 1695 atque
386 1660 528 1696 exemplar
550 1659 705 1695 inspiciat,
734 1658 763 1687 in
787 1667 847 1694 quo
877 1658 988 1686 scilicet
1007 1658 1069 1693 ipsa
1092 1666 1210 1694 natura,
1242 1659 1312 1694 quid
1332 1658 1437 1687 efficere
1458 1657 1570 1694 possit,
1599 1663 1712 1693 experta
1732 1664 1794 1685 esse

274 1711 415 1740 vidsatur.

319 1764 435 1792 Pondus
451 1763 506 1798 jam
529 1768 557 1790 et
578 1761 792 1799 argumentandi
816 1760 951 1789 rationem
971 1760 1193 1795 sententiarum,
1216 1769 1288 1795 quas
1310 1769 1342 1789 ex
1367 1761 1501 1789 Cicerone
1523 1759 1710 1793 adduximus,
1732 1766 1798 1795 per-

280 1814 490 1851 pendentibus,
511 1814 606 1842 omnia
624 1813 681 1841 fere
699 1819 856 1840 occurrunt
871 1812 1014 1840 Ciceronis
1035 1812 1273 1847 argumentationi
1293 1811 1425 1840 faventia.
1467 1811 1535 1839 Eam
1560 1811 1644 1839 ctiam
1668 1811 1705 1838 ob
1727 1817 1793 1838 rau·

280 1874 340 1894 sam
361 1872 414 1893 tam
441 1865 559 1901 copiose
581 1874 614 1893 ex
645 1866 770 1902 ejuslem
793 1863 937 1899 Operibus
959 1864 1171 1899 excerpsimus,
1199 1872 1234 1892 ne
1257 1864 1410 1899 quidquam
1436 1863 1568 1897 deesset,
1598 1862 1676 1897 quod
1706 1861 1791 1889 illus-

282 1916 398 1944 trationi
420 1916 584 1944 inserviret:
606 1925 715 1952 neque,
740 1917 790 1944 ubi
812 1924 845 1943 ex
864 1915 928 1951 ipso
949 1915 1084 1943 Cim-one
1108 1915 1258 1943 verborum
1286 1922 1371 1950 atque
1392 1915 1564 1949 placitorum
1587 1912 1742 1948 explicatio
1760 1918 1789 1940 et

272 1967 480 1998 demonstratio
499 1973 649 1997 commode
671 1975 699 1998 et
718 1968 789 1997 satis
808 1973 940 1996 accurate
959 1965 1018 2003 peti
1037 1973 1174 2003 possent,
1196 1966 1236 1994 ibi
1253 1967 1571 2003 uostmjnsercremus,
1593 1964 1789 1994 cicerculam:

740 2015 743 2020 “
1741 2013 1790 2042 de-
