1913 2427
349 118 829 152 DISSERT'ATIO
893 120 1431 157 PHILOSOPHVICA'.
1600 125 1646 163 35

136 228 159 246 ‚,
174 208 323 249 Quoniam
350 213 442 236 autem
471 207 495 236 is
528 207 615 236 animi
646 206 792 243 appetitus
814 214 829 235 a
853 205 997 242 principio
1022 207 1080 239 fuit
1098 228 1109 243 ,
1134 214 1167 237 ut
1192 217 1241 243 ea„
1271 218 1342 245 quae
1365 210 1443 246 dixi,
1472 219 1555 247 quam
1577 221 1640 249 per.

138 279 156 296 ‚,
177 260 333 289 fectissima
357 268 372 287 a
397 265 497 287 natura
518 259 706 292 haberemus,
733 256 926 285 confitendum
952 264 1015 294 est,
1044 267 1109 287 cum
1129 259 1156 288 id
1178 260 1272 298 adepti
1296 260 1405 298 simus,
1426 262 1511 304 ‘quod
1529 264 1639 300 appeti-

127 331 147 347 „
167 317 229 340 tum
253 311 309 346 sit,
329 310 360 339 in
383 319 436 345 eo,
467 309 549 346 quasi
572 309 695 344 ultimo,
717 308 874 336 consistere
895 313 1042 346 naturam,
1071 317 1157 347 atque
1184 310 1214 339 id
1237 318 1300 339 esse
1321 319 1464 340 summum
1486 311 1641 344 bonum.’'.

122 361 182 400 (dc
204 362 271 391 Fin.
297 361 335 391 V.
360 368 405 396 15.
430 361 503 398 16.)

160 412 237 450 Quia
259 412 349 449 igitur
377 412 464 440 homo
496 411 526 440 in
554 419 585 440 se
613 410 684 447 gerit
713 410 830 447 effigiem
858 418 885 440 et
909 413 993 448 quasi
1017 413 1169 442 simulacra
1201 413 1339 449 virtutis,
1369 413 1508 451 initiaque
1537 416 1633 445 omnis

122 465 256 495 scientiae
277 472 305 494 et
328 465 490 501 doctrinae,
517 465 582 494 ideo
603 470 683 493 tanto
708 473 793 500 opere
811 471 917 494 veteres
948 465 1143 501 cognitionem
1169 465 1215 493 sui
1237 466 1492 502 commendarunt,
1521 487 1539 502 ,‚
1561 476 1635 503 quo·

123 536 143 551 „
162 516 260 552 niam,
284 516 335 554 qui
354 525 384 545 se
398 517 460 553 ipse
475 516 570 552 norit,
592 515 715 551 primum
732 515 843 551 aliquid
864 516 967 545 sentiet
989 524 1019 544 se
1040 516 1141 544 habere
1162 516 1312 551 divinum,
1333 516 1539 553 ingeniumque
1565 517 1632 546 inde

123 588 142 603 „
163 576 267 603 suum,
295 567 372 596 sicut
400 568 585 596 simulacrum
609 567 747 602 aliquod,
768 567 927 596 dedicatum
948 566 1082 602 putabit,
1112 572 1252 602 tantoque
1281 576 1396 596 munere
1416 568 1532 596 deorum
1557 577 1629 597 sem-

122 639 140 654 „
161 627 211 655 per
225 618 344 655 dignum
367 618 480 654 aliquid
501 624 528 645 et
551 617 656 653 faciet,
676 623 703 645 et
720 617 840 647 sentiet:
863 624 909 654 et,
934 627 999 647 cum
1019 627 1050 647 se
1066 619 1128 654 ipse
1146 619 1277 654 tentarit,
1306 625 1458 655 totumque
1479 629 1630 656 perspexe-

119 689 139 705 „
158 670 215 705 rit,
244 670 398 707 intelligit,
432 669 672 705 quemadmodum
691 677 708 697 a
729 675 830 697 natura
855 670 1032 699 subornatus
1062 670 1093 698 in
1119 669 1207 698 vitam
1238 670 1372 705 venerit,
1402 677 1564 706 quantaque
1586 672 1629 700 in-

121 741 140 756 „
161 727 318 750 strumenta
347 720 447 749 habeat
473 721 508 749 ad
536 720 718 748 obtinendam
751 720 1022 758 adipescendamque
1046 721 1233 758 sapientiam3
1263 721 1399 758 quoniam
1423 722 1567 759 principia
1588 732 1630 751 re-

117 791 138 806 „
158 779 221 800 rum
237 771 387 807 omnium,
409 771 492 807 quasi
512 771 693 799 adumbratas
712 771 934 808 intelligentias,
954 773 1048 801 animo
1073 781 1104 801 ac
1128 778 1221 801 mente
1247 773 1432 809 conceperit,
1462 774 1569 809 quibus
1594 773 1629 802 il-

117 842 137 858 „
156 823 315 858 lustratus,
336 822 475 859 sapientia
499 823 591 857 duce,
618 822 727 851 bonum
747 822 862 858 virum,
892 829 920 852 et
944 823 981 851 ob
1004 831 1065 851 eam
1090 823 1181 858 ipsam
1203 831 1317 852 causam
1340 830 1436 852 cernat
1459 833 1490 853 se
1511 824 1627 855 beatum

113 891 134 908 ,‚
154 872 225 904 fore.
247 875 303 909 (de
325 875 415 914 chg.
436 876 458 905 Ι.
481 876 556 913 22.)
604 894 622 910 „
639 874 702 903 Nec
725 883 792 903 vero
814 882 913 911 potest
922 874 1076 910 quisquam
1092 874 1223 903 debonis
1242 880 1269 902 et
1283 874 1365 903 malis
1393 883 1457 903 vere
1477 875 1625 912 judicare,

115 943 134 964 ‚‚
154 924 213 954 nisi
228 926 306 954 omni
319 926 435 963 cognita
450 926 559 955 ratione
575 933 708 963 naturae,
729 933 758 956 et
778 926 871 961 vitae,
896 925 978 954 etiam
1001 925 1117 953 deorum
1129 945 1139 960 ,
1160 931 1188 953 et
1204 932 1302 955 utrum
1316 927 1485 962 conveniat,
1505 935 1556 955 nec
1571 935 1626 963 ne,

114 993 135 1011 ,‚
155 981 254 1004 natura
275 976 408 1008 hominis,
421 984 487 1005 cum
509 975 679 1005 universa.’⁷
699 976 758 1012 (de
779 976 847 1004 Fiu.
871 975 922 1005 111.
951 985 999 1004 22.
1021 974 1102 1004 conf.
1126 977 1247 1006 omnino
1260 977 1285 1005 T
1284 986 1342 1006 usc.
1363 976 1402 1013 Q„
1419 976 1456 1006 V.
1477 985 1526 1013 24.
1547 979 1624 1015 25.)

153 1046 173 1061 „
192 1026 248 1055 Est
271 1027 344 1056 illud
366 1027 481 1063 quidem
505 1028 551 1055 vel
575 1027 748 1062 maximum,
777 1026 872 1056 animo
890 1025 956 1063 ipso
979 1026 1105 1055 animum
1126 1027 1238 1056 videre:
1265 1034 1292 1056 et
1311 1027 1446 1056 nimirum
1471 1028 1543 1057 hanc
1574 1029 1624 1057 ha·

109 1095 131 1112 ,‚
150 1076 199 1107 bet
216 1076 275 1106 vim
298 1084 480 1115 praeceptum
498 1077 661 1115 Apollinis,
682 1085 743 1114 quo
767 1084 882 1113 monet,
910 1084 944 1106 ut
972 1085 1004 1106 se
1036 1077 1162 1114 quisque
1192 1084 1304 1107 noscat.
1353 1078 1424 1107 Non
1452 1079 1527 1107 enim
1559 1087 1619 1117 cre-

111 1146 132 1164 „
151 1128 189 1157 do
218 1128 247 1158 id
275 1129 440 1165 praecipit,
473 1135 507 1157 ut
535 1129 658 1158 membra
689 1135 807 1164 nostra,
847 1135 896 1158 aut
928 1134 1082 1164 staturam,
1114 1128 1270 1165 figuramve
1304 1137 1473 1159 noscamus.
1518 1130 1623 1167 Neque

111 1197 132 1215 ‚‚
150 1187 206 1208 nos
226 1187 348 1216 corpora
367 1188 487 1215 sumus3
509 1188 560 1209 nec
584 1188 637 1216 ego
660 1179 715 1208 tibi
738 1180 806 1208 haec
828 1180 944 1215 dicens,
967 1179 1086 1216 corpori
1111 1185 1162 1208 tuo
1188 1180 1266 1211 dico.
1313 1180 1390 1210 Cum
1414 1180 1519 1216 igitur,
1542 1190 1624 1210 nosce

110 1247 129 1264 ,‚
149 1235 203 1265 te,
229 1230 325 1267 dicit,
353 1231 408 1260 hoc
440 1231 534 1266 dicit,
568 1238 656 1260 nosce
688 1231 815 1259 animum
850 1237 958 1259 tuum:
988 1238 1053 1259 nam
1085 1238 1193 1266 corpus
1231 1230 1346 1266 quidem
1379 1231 1463 1267 quasi
1493 1240 1544 1261 vas
1576 1237 1622 1260 est

110 1298 130 1314 ,‚
149 1281 344 1317 aut.a1iquod
372 1281 459 1310 animi
491 1283 718 1318 receptaculum:
747 1282 782 1311 ab
811 1282 908 1310 animo
937 1288 989 1310 tuo
1020 1280 1164 1316 quidquid
1189 1281 1306 1317 agitur,
1345 1281 1375 1310 id
1413 1281 1507 1319 agitur
1536 1290 1552 1310 a
1576 1288 1616 1311 te.

108 1349 130 1367 „
148 1331 231 1361 Hanc
254 1332 344 1369 igitur
363 1340 450 1361 nosse
476 1333 533 1361 nisi
565 1333 696 1361 divinum
724 1339 821 1368 esset,
850 1341 910 1361 non
929 1338 1004 1361 esset
1031 1331 1088 1360 hoc
1109 1331 1227 1361 acrioris
1257 1332 1407 1369 cujusdam
1432 1331 1519 1360 animi
1535 1339 1617 1368 prae-

107 1401 129 1418 „
150 1388 282 1418 ceptum,
303 1383 445 1412 tributum
473 1390 507 1411 ut
530 1384 593 1412 Deo
622 1383 672 1412 sit.
687 1382 707 1396 '⁹
727 1383 830 1420 (Taso.
861 1383 901 1420 Q„
923 1383 944 1412 I.
968 1383 1040 1419 22.)
1081 1382 1201 1420 „Quod
1224 1383 1249 1411 si
1273 1384 1342 1411 tales
1365 1391 1419 1412 nos
1450 1389 1548 1411 natura
1568 1390 1616 1419 ge-

108 1451 128 1469 „
146 1432 280 1469 unisset,
301 1440 334 1462 ut
357 1442 417 1462 earn
442 1434 534 1470 ipsam
556 1433 677 1470 intueri,
706 1440 734 1462 et
760 1434 940 1470 perspicere,
969 1433 1122 1467 eademque
1152 1434 1262 1467 optima
1279 1434 1369 1468 duce,
1398 1441 1514 1461 cursum
1539 1428 1615 1460 vitae

107 1501 128 1519 χ
146 1483 286 1513 conficere
309 1492 481 1520 possemus:
503 1484 580 1513 haud
601 1491 658 1513 erat
682 1492 767 1519 sane,
796 1485 876 1519 quod
899 1483 1053 1519 quisquam
1082 1482 1219 1511 rationem
1244 1491 1276 1511 ac
1304 1483 1462 1511 doctrinam
1490 1482 1614 1518 require-

105 1552 126 1571 „
145 1541 199 1564 ret.
239 1535 327 1564 Nunc
348 1536 485 1571 parvulos
507 1535 592 1564 nobis
614 1536 691 1564 dedit
713 1535 878 1572 igniculos,
909 1543 984 1570 quos
1006 1533 1133 1562 celeriter
1155 1533 1237 1562 malis
1258 1533 1387 1562 moribus
1414 1532 1615 1569 opinionibus-

104 1603 128 1622 „
146 1594 204 1622 que
222 1586 366 1622 depravati
386 1586 428 1615 sic
452 1586 678 1622 restinguimus,
706 1592 738 1614 ut
767 1593 909 1621 nusquam
936 1591 1052 1613 naturae
1076 1585 1173 1613 lumen
1195 1590 1343 1620 appareat:
1373 1591 1442 1613 sunt
1466 1584 1540 1613 enim
1569 1584 1612 1613 in-

103 1654 126 1673 „
146 1637 236 1674 geniis
256 1637 363 1667 nostriS
387 1637 493 1666 semina
514 1638 611 1666 innata
633 1637 793 1666 virtutum:
817 1644 890 1672 quae
911 1636 935 1664 si
956 1636 1115 1664 adolescere
1141 1635 1254 1670 liceret,
1283 1635 1346 1672 ipsa
1366 1643 1420 1664 nos
1448 1636 1483 1664 ad
1502 1634 1612 1664 beatam

105 1706 126 1724 „
144 1688 233 1717 vitam
253 1695 353 1717 natura
365 1689 539 1725 perduceret.
581 1687 669 1717 Nunc
684 1694 798 1723 autem,
824 1687 911 1716 simul
928 1693 1015 1721 atque
1034 1686 1102 1714 editi
1125 1686 1155 1714 in
1176 1686 1268 1714 lucem
1291 1692 1318 1714 et
1335 1685 1465 1722 suscepti
1488 1693 1608 1721 sumus,

103 1757 127 1775 Ἃ
146 1739 176 1767 in
194 1739 270 1768 omni
297 1739 438 1768 continuo
456 1740 614 1776 pravitate,
638 1746 665 1768 et
688 1739 716 1768 in
741 1747 851 1768 summa
873 1738 1042 1774 opinionum
1066 1736 1266 1774 perversitate,
1294 1744 1455 1766 versamur:
1484 1743 1518 1766 ut
1540 1744 1613 1774 pene

108 1808 128 1825 ‚0
147 1798 212 1818 cum
241 1791 314 1819 lacte
347 1790 468 1819 nuti-icis
506 1798 627 1819 errorem
660 1790 772 1819 suxisse
800 1790 955 1820 videamur.
1005 1789 1082 1818 Cum
1111 1796 1178 1817 vero
1206 1787 1371 1824 parentibus
1400 1787 1520 1824 redditi,
1546 1787 1611 1818 dein

107 1859 129 1876 „
149 1840 292 1876 magistris
315 1841 410 1870 traditi
432 1849 555 1876 sumus,
585 1848 646 1869 tum
675 1841 712 1869 ita
741 1841 826 1870 variis
853 1841 1010 1869 imbuimur
1037 1839 1200 1874 erroribus,
1225 1845 1257 1866 ut
1286 1838 1403 1867 vanitati
1428 1838 1552 1873 veritas,
1578 1843 1607 1867 et

109 1908 131 1926 ,.,
151 1891 282 1926 opinioni
299 1891 482 1921 confirmatae
498 1900 597 1922 natura
613 1893 676 1929 ipsa
688 1893 779 1922 cedat.
818 1893 969 1921 Accedunt
983 1890 1065 1919 etiam
1082 1891 1198 1926 poe'tae3
1222 1890 1291 1925 qui,
1313 1898 1378 1918 cum
1397 1897 1525 1926 magnam
1547 1896 1611 1925 spe-

108 1959 130 1978 „
149 1941 220 1971 ciem
240 1942 386 1974 doctrinae
407 1943 616 1981 sapientiaeque
635 1952 702 1980 prae
725 1951 754 1973 se
777 1944 922 1978 tulerunt,
944 1942 1119 1978 audiuntur,
1141 1942 1295 1979 leguntur,
1316 1940 1502 1976 ediscuntur,
1522 1946 1548 1968 et
1568 1938 1611 1968 in-

911 1993 936 2023 E
959 2001 976 2022 2
1511 2007 1531 2025 „
1550 1989 1615 2020 hae·
