1913 2427
329 129 812 164 DISSERTATIO
880 131 1430 174 PHILOSOPHICA'.
1588 141 1634 182 43

113 218 269 254 deteriora,
291 225 365 248 certe
385 228 477 255 neque
498 227 532 247 ex
556 217 635 247 illius
658 224 750 246 mente
771 217 918 254 profecta,
941 228 1033 256 neque
1053 222 1178 259 ejusdem
1211 228 1381 255 auctoritate
1401 226 1506 258 innixa.
1546 230 1622 269 Quis

111 271 231 308 proinde
253 270 416 300 Ciceronem
436 271 537 299 melius
560 270 699 307 explicet,
729 278 813 305 quarn
840 269 902 305 ipse
927 271 1051 302 Cicero?
1078 281 1164 311 atque
1191 275 1374 314 invenimus,
1397 280 1526 309 collectis
1552 282 1626 312 hinc*

108 328 195 360 atque
215 322 294 351 illinc
316 323 407 358 locis,
428 322 641 358 Philosophum
663 321 824 350 Romanum
848 329 908 349 non
934 329 1044 353 tantum
1067 326 1242 364 singularum
1272 330 1476 360 sententiarum
1499 332 1555 361 vim
1580 340 1623 362 at-

109 381 166 409 que
185 375 322 404 rationem
347 374 385 402 ita
405 374 583 410 explicasse,
608 381 640 402 ut
664 374 743 402 nulla
765 373 817 401 alia
843 374 1034 409 explicatione
1059 377 1201 415 indigeat,
1230 381 1280 409 sed
1307 389 1402 411 earum
1434 383 1551 418 pondus
1582 385 1626 414 ita.-

108 425 144 454 ad
163 425 298 454 trutinam
318 426 514 462 examinasse,
535 434 657 462 vereque
680 424 865 461 aestimasse,
887 432 920 453 ut
938 427 1044 464 nobis,
1071 430 1096 457 si
1120 429 1229 460 fontem
1249 432 1386 470 Principii
1408 433 1568 463 officiorum
1589 440 1619 465 et

107 481 224 510 modum
249 481 451 516 admittamus,
473 489 548 517 quos
571 489 631 509 non
654 488 717 509 esse
740 480 933 509 admittendos
956 487 971 507 e
989 480 1196 511 recentioribus
1215 483 1336 520 insignis
1358 485 1530 515 celebritatis
1554 486 1625 517 Phi-

107 532 227 569 losophi
252 539 443 567 censuerunt,
473 539 501 561 et
524 532 634 568 reIIqua
667 531 847 560 concedenda
878 531 946 560 sint.
986 531 1125 561 Innititur
1147 534 1222 563 enim
1246 536 1389 566 Ciceronis
1411 539 1623 574 argumentatio

106 582 376 619 observationibus,
399 592 431 613 ex
447 584 542 612 nativa
565 583 713 612 hominum
736 589 856 617 natura,
885 588 972 619 atque
997 583 1036 612 ita
1053 592 1086 612 ex
1103 584 1183 614 fonte
1208 587 1344 622 primario
1365 596 1392 617 et
1411 589 1521 625 unico,
1546 590 1620 619 deri-

105 634 191 663 vatis.
232 634 307 672 Quis
331 635 359 663 in
383 634 490 662 talibus
514 640 673 671 repugnet,
703 634 818 670 quoties
848 634 1052 664 sententiarum
1084 637 1187 666 veritas
1217 646 1252 668 ex
1279 639 1373 676 ipsius
1406 648 1523 670 naturae
1550 649 1619 672 suae

105 685 267 719 recessibus
289 684 494 719 confirmetur,
517 692 603 721 atque
626 686 701 714 clara
726 691 798 714 voce
819 686 952 715 resonet?

139 736 268 766 Breviter
292 727 473 773 desingulis
494 736 653 766 videamus.

139 788 265 817 Primum
283 789 380 825 itaque
397 789 484 817 homo
513 797 543 817 se
567 797 629 818 esse
651 789 796 825 sentiens,
816 789 890 818 nihil
913 789 1002 827 magis
1026 791 1153 828 expetit,
1177 801 1262 828 quam
1287 800 1321 823 ut
1341 801 1440 832 pergat
1461 795 1534 825 illud
1554 803 1618 826 sen-

100 840 173 876 tire;
200 850 215 870 a
235 842 314 869 nulla
339 848 368 869 re
388 840 478 877 magis
500 840 651 876 abhorret,
674 849 759 877 quarn
785 850 800 869 a
823 847 915 870 morte
933 850 983 870 seu
1006 849 1122 872 naturae
1145 851 1214 873 suae
1237 846 1442 877 dissolutione.
1486 848 1523 877 Se
1547 857 1617 878 vero

103 892 221 929 diligere
245 899 360 928 totum,
390 898 433 920 est
464 900 560 920 curam
590 892 718 920 omnium
743 892 867 928 partium
891 892 1069 930 singularum
1093 903 1208 932 gerere:
1237 906 1357 933 quarum
1378 898 1467 936 igitur
1489 900 1626 930 omnium:

101 945 213 973 ratione
242 945 326 984 cupit
359 951 422 972 esse
453 942 594 979 affectus,
621 952 706 979 quam
739 943 847 980 optime
871 945 978 979 possit.
1019 945 1084 975 Hoc
1111 956 1196 984 vero,
1224 949 1282 977 nisi
1312 950 1451 986 insanus,
1485 951 1551 986 quis
1571 952 1619 980 de-

101 998 311 1026 monstratione
332 996 458 1032 indigere
475 996 647 1025 arbitratur:
678 997 842 1033 praesertim
878 1003 1035 1033 postquam
1064 998 1181 1035 Cicero,
1211 1000 1418 1036 provocatione
1441 1002 1476 1030 ad
1501 1009 1622 1031 naturae

99 1056 202 1078 vocem
224 1049 352 1077 nondum
373 1055 550 1083 contentus,
571 1048 695 1077 rationes
716 1048 815 1084 etiam,
836 1056 888 1076 cur
908 1054 947 1076 ita
970 1049 1028 1084 sit,
1049 1055 1077 1077 et
1097 1049 1178 1078 aliter
1197 1058 1259 1079 esse
1280 1058 1420 1087 nequeat,
1441 1052 1485 1082 ad*
1499 1060 1619 1089 persua-

100 1099 213 1129 sionem
235 1100 414 1129 adducendas
436 1099 564 1136 putavit:
596 1109 668 1136 quas
691 1108 745 1129 nos
763 1109 796 1130 ex
818 1101 916 1129 eodem
941 1107 1088 1137 excerptas
1116 1107 1197 1130 antea
1219 1102 1277 1140 jam
1300 1102 1439 1132 dedimus.
1483 1103 1526 1132 Ut
1548 1112 1621 1133 vero

101 1152 249 1188 sciamus,
274 1151 347 1188 quid
362 1151 448 1180 nobis
470 1152 625 1185 secundum
649 1157 777 1181 naturam
797 1153 935 1182 tuendum
949 1153 1007 1188 sit,
1030 1152 1255 1189 introspicienda
1277 1161 1321 1183 est
1344 1162 1444 1184 natura
1470 1157 1615 1193 humana,

102 1203 234 1240 quidque
252 1203 278 1232 ei
299 1203 389 1239 insit,
411 1202 651 1240 investigandum.

137 1254 242 1291 Neque
263 1255 350 1291 longa
371 1263 446 1291 opus
462 1255 686 1291 disquisitione:
716 1255 813 1284 statim
840 1256 967 1285 offerunt
985 1265 1048 1286 sese
1072 1258 1144 1286 duae
1169 1264 1265 1294 partes
1289 1258 1417 1288 diversae
1438 1265 1467 1288 et
1492 1266 1617 1289 secretae

96 1314 116 1336 a
138 1314 169 1335 se
189 1306 330 1335 invicem:
352 1314 461 1342 corpus
484 1313 512 1334 et
534 1306 660 1335 animus.
699 1307 797 1342 Atque
829 1308 868 1336 ita
891 1307 965 1336 illud
987 1308 1085 1336 tuendi
1110 1307 1157 1336 sui
1183 1309 1332 1345 studium,
1362 1318 1428 1338 cum
1453 1311 1488 1339 ad
1508 1318 1617 1348 corpus

97 1357 244 1396 pertinet,
272 1364 333 1386 tum
357 1358 394 1386 ad
413 1357 552 1387 animum.
599 1357 697 1386 Priore
720 1358 788 1386 loco
815 1367 924 1396 corpus
952 1366 1118 1396 spectatur,
1147 1360 1182 1388 acl
1205 1360 1290 1397 cujus
1314 1361 1562 1391 conservationem
1586 1368 1615 1391 et

98 1409 235 1445 tutelam,
256 1408 328 1445 quid
347 1416 448 1438 natura
473 1408 668 1445 praescribat,
696 1409 848 1446 diligenter
868 1411 1060 1446 examinatur,
1089 1417 1177 1446 atque
1201 1419 1235 1439 ex
1257 1411 1373 1440 indiciis
1398 1421 1457 1441 non
1482 1413 1616 1442 dubitan-

91 1460 145 1490 dis
169 1461 339 1497 colligitur3
369 1469 403 1489 eo
427 1462 541 1496 modo,
568 1469 652 1497 quem
682 1461 781 1489 Cicero
812 1462 868 1498 jam
900 1468 979 1490 antea
1009 1468 1042 1490 ut
1073 1462 1216 1498 optimum
1243 1467 1271 1489 et
1296 1462 1486 1491 certissimum
1511 1463 1611 1493 ducem

95 1514 358 1543 commendaverat.
396 1513 425 1542 Is
449 1513 550 1548 locus,
579 1513 631 1549 qui
656 1514 690 1542 de
714 1514 846 1549 corporis
876 1514 1000 1550 partium
1031 1512 1249 1542 conservatione
1275 1511 1349 1548 agit,
1374 1512 1414 1541 ita
1439 1522 1455 1542 a
1477 1513 1613 1543 Cicerone

99 1571 145 1595 est
166 1565 344 1601 explicatus,
365 1565 453 1601 inque
474 1564 603 1593 omnium
627 1566 730 1594 oculos
755 1565 793 1593 ita
815 1566 953 1602 incurrit,
974 1572 1007 1594 ut
1025 1565 1099 1594 nihil
1120 1564 1279 1593 addendum
1303 1565 1446 1600 supersit,
1473 1565 1546 1593 nihil
1569 1575 1613 1595 ar-

97 1617 321 1655 gumentandum
343 1623 392 1645 aut
409 1616 594 1645 refellendum
616 1617 810 1652 relinquatur:
842 1624 1000 1654 naturaque
1032 1617 1095 1654 ipsa
1115 1617 1260 1646 Ciceronis
1291 1624 1340 1645 ore
1362 1617 1460 1645 locuta
1480 1625 1544 1646 esse
1565 1619 1611 1648 vi-

96 1670 206 1699 deatur.
245 1669 370 1698 Pertinet
390 1676 459 1696 vero
483 1669 531 1697 illa
555 1668 589 1696 ad
609 1674 736 1696 naturam
759 1669 972 1697 accommodata
990 1668 1124 1697 custodia
1153 1668 1305 1704 praecipue
1327 1668 1361 1696 ad
1386 1668 1533 1704 animum,
1564 1676 1610 1699 ut-

95 1727 166 1758 pote
186 1727 292 1758 partem
318 1720 534 1757 praecellentem
555 1740 567 1756 ,
593 1726 621 1749 et
643 1719 730 1757 longe
751 1719 984 1750 illustrissimam.
1031 1719 1069 1749 Ei
1085 1718 1175 1756 igitur
1195 1726 1331 1755 quaenam
1357 1724 1456 1748 natura
1484 1719 1608 1759 indidit,

92 1774 256 1810 tuendaque
279 1771 510 1803 commendavit?

130 1825 279 1854 Summum
304 1824 481 1861 cognitionis
506 1823 694 1860 discendique
714 1831 855 1858 amorem,
877 1823 1042 1861 ingeniique
1065 1821 1236 1858 facultates,
1264 1830 1334 1858 quas
1362 1822 1418 1851 sibi
1439 1823 1519 1853 datas
1541 1832 1605 1854 esse

88 1878 222 1908 sentiunt
239 1885 358 1912 omnes,
378 1875 541 1912 perficiendi
560 1883 589 1905 et
610 1875 756 1905 excolendi
774 1875 915 1904 studium.
961 1874 1087 1903 Necesse
1112 1882 1171 1902 non
1195 1880 1261 1910 est,
1293 1880 1325 1903 ut
1349 1873 1504 1904 fulciamus
1529 1876 1603 1905 hanc

88 1929 275 1964 sententiam,
296 1929 380 1965 cujus
404 1929 462 1959 vim
479 1935 566 1965 atque
585 1928 731 1960 veritatem
755 1926 898 1965 praeclare
923 1926 993 1956 adeo
1015 1933 1050 1956 ex
1068 1925 1191 1957 humana
1215 1933 1316 1957 natura
1331 1927 1470 1965 expressit
1492 1934 1521 1957 et
1533 1936 1604 1958 con-

89 1980 218 2018 signavit
236 1981 344 2011 Cicero.

870 2030 894 2061 F
915 2039 934 2061 2
1548 2025 1608 2057 Ad-
