<?xml version="1.0" encoding="UTF-8"?>
<!DOCTYPE html PUBLIC "-//W3C//DTD XHTML 1.0 Transitional//EN"
    "http://www.w3.org/TR/xhtml1/DTD/xhtml1-transitional.dtd">
<html xmlns="http://www.w3.org/1999/xhtml" xml:lang="en" lang="en">
 <head>
  <title>
</title>
<meta http-equiv="Content-Type" content="text/html;charset=utf-8" />
  <meta name='ocr-system' content='tesseract 3.04.00' />
  <meta name='ocr-capabilities' content='ocr_page ocr_carea ocr_par ocr_line ocrx_word'/>
</head>
<body>
  <div class='ocr_page' id='page_1' title='image "annalesacademiae17rijk_0580.png"; bbox 0 0 1913 2427; ppageno 0'>
   <div class='ocr_carea' id='block_1_1' title="bbox 204 142 1354 178">
    <p class='ocr_par' dir='ltr' id='par_1_1' title="bbox 204 142 1354 178">
     <span class='ocr_line' id='line_1_1' title="bbox 204 142 1354 178; baseline -0.001 0"><span class='ocrx_word' id='word_1_1' title='bbox 204 144 226 178; x_wconf 85' lang='lat'><strong><em>6</em></strong></span> <span class='ocrx_word' id='word_1_2' title='bbox 585 142 976 177; x_wconf 81' lang='lat' dir='ltr'>FREDERICI</span> <span class='ocrx_word' id='word_1_3' title='bbox 1044 143 1354 177; x_wconf 85' lang='lat' dir='ltr'><strong>EGELING</strong></span> 
     </span>
    </p>
   </div>
   <div class='ocr_carea' id='block_1_2' title="bbox 200 230 1740 2069">
    <p class='ocr_par' dir='ltr' id='par_1_2' title="bbox 203 230 1729 876">
     <span class='ocr_line' id='line_1_2' title="bbox 206 230 1726 277; baseline 0 -14"><span class='ocrx_word' id='word_1_4' title='bbox 206 230 375 271; x_wconf 12' lang='lat' dir='ltr'>observatis*</span> <span class='ocrx_word' id='word_1_5' title='bbox 392 237 421 260; x_wconf 90' lang='lat' dir='ltr'>et</span> <span class='ocrx_word' id='word_1_6' title='bbox 436 230 635 270; x_wconf 70' lang='lat' dir='ltr'>experientia,</span> <span class='ocrx_word' id='word_1_7' title='bbox 662 239 774 267; x_wconf 78' lang='lat' dir='ltr'><strong>semper</strong></span> <span class='ocrx_word' id='word_1_8' title='bbox 796 237 889 268; x_wconf 81' lang='lat' dir='ltr'>tamen</span> <span class='ocrx_word' id='word_1_9' title='bbox 905 231 1062 277; x_wconf 52' lang='lat' dir='ltr'>anglogiam</span> <span class='ocrx_word' id='word_1_10' title='bbox 1083 231 1216 269; x_wconf 76' lang='lat' dir='ltr'>adhibuit</span> <span class='ocrx_word' id='word_1_11' title='bbox 1229 252 1253 269; x_wconf 41' lang='lat'>,¹</span> <span class='ocrx_word' id='word_1_12' title='bbox 1269 238 1353 267; x_wconf 75' lang='lat' dir='ltr'>caute</span> <span class='ocrx_word' id='word_1_13' title='bbox 1374 231 1505 266; x_wconf 78' lang='lat' dir='ltr'>deductis</span> <span class='ocrx_word' id='word_1_14' title='bbox 1522 239 1557 264; x_wconf 81' lang='lat' dir='ltr'>ex</span> <span class='ocrx_word' id='word_1_15' title='bbox 1577 233 1726 263; x_wconf 78' lang='lat' dir='ltr'>multoties</span> 
     </span>
     <span class='ocr_line' id='line_1_3' title="bbox 204 281 1725 322; baseline 0 -8"><span class='ocrx_word' id='word_1_16' title='bbox 204 284 324 322; x_wconf 69' lang='lat' dir='ltr'>repetita</span> <span class='ocrx_word' id='word_1_17' title='bbox 349 284 521 321; x_wconf 71' lang='lat' dir='ltr'>experientia</span> <span class='ocrx_word' id='word_1_18' title='bbox 546 284 808 319; x_wconf 69' lang='lat' dir='ltr'><strong>conclusionibus,</strong></span> <span class='ocrx_word' id='word_1_19' title='bbox 836 291 908 320; x_wconf 89' lang='lat' dir='ltr'>quae</span> <span class='ocrx_word' id='word_1_20' title='bbox 933 284 967 312; x_wconf 78' lang='lat' dir='ltr'>ad</span> <span class='ocrx_word' id='word_1_21' title='bbox 994 284 1071 313; x_wconf 85' lang='lat' dir='ltr'>huuc</span> <span class='ocrx_word' id='word_1_22' title='bbox 1098 290 1195 319; x_wconf 87' lang='lat' dir='ltr'>usque</span> <span class='ocrx_word' id='word_1_23' title='bbox 1214 282 1288 311; x_wconf 85' lang='lat' dir='ltr'>diem</span> <span class='ocrx_word' id='word_1_24' title='bbox 1317 281 1376 312; x_wconf 84' lang='lat' dir='ltr'>fere</span> <span class='ocrx_word' id='word_1_25' title='bbox 1399 292 1498 314; x_wconf 86' lang='lat' dir='ltr'>omnes</span> <span class='ocrx_word' id='word_1_26' title='bbox 1517 285 1629 314; x_wconf 80' lang='lat' dir='ltr'>veritati</span> <span class='ocrx_word' id='word_1_27' title='bbox 1655 293 1725 314; x_wconf 89' lang='lat' dir='ltr'>con-</span> 
     </span>
     <span class='ocr_line' id='line_1_4' title="bbox 207 335 1724 374; baseline 0.001 -9"><span class='ocrx_word' id='word_1_28' title='bbox 207 344 293 374; x_wconf 87' lang='lat' dir='ltr'>gruae</span> <span class='ocrx_word' id='word_1_29' title='bbox 322 335 472 366; x_wconf 84' lang='lat' dir='ltr'><strong>habentur.</strong></span> <span class='ocrx_word' id='word_1_30' title='bbox 514 336 560 365; x_wconf 91' lang='lat' dir='ltr'>Ne</span> <span class='ocrx_word' id='word_1_31' title='bbox 584 335 690 365; x_wconf 82' lang='lat' dir='ltr'>Medici</span> <span class='ocrx_word' id='word_1_32' title='bbox 720 335 882 372; x_wconf 87' lang='lat' dir='ltr'>empeiriam</span> <span class='ocrx_word' id='word_1_33' title='bbox 913 335 1087 364; x_wconf 82' lang='lat' dir='ltr'>arbitrariam</span> <span class='ocrx_word' id='word_1_34' title='bbox 1119 340 1314 371; x_wconf 81' lang='lat' dir='ltr'>sectarentur,</span> <span class='ocrx_word' id='word_1_35' title='bbox 1343 344 1439 364; x_wconf 85' lang='lat' dir='ltr'>curam</span> <span class='ocrx_word' id='word_1_36' title='bbox 1463 344 1574 373; x_wconf 78' lang='lat' dir='ltr'>semper</span> <span class='ocrx_word' id='word_1_37' title='bbox 1596 337 1724 367; x_wconf 88' lang='lat' dir='ltr'>instituit</span> 
     </span>
     <span class='ocr_line' id='line_1_5' title="bbox 204 387 1724 425; baseline 0 -8"><span class='ocrx_word' id='word_1_38' title='bbox 204 389 363 417; x_wconf 86' lang='lat' dir='ltr'>secundum</span> <span class='ocrx_word' id='word_1_39' title='bbox 386 395 476 416; x_wconf 84' lang='lat' dir='ltr'>certas</span> <span class='ocrx_word' id='word_1_40' title='bbox 500 389 631 424; x_wconf 83' lang='lat' dir='ltr'>regulas,</span> <span class='ocrx_word' id='word_1_41' title='bbox 661 397 733 424; x_wconf 83' lang='lat' dir='ltr'>quas</span> <span class='ocrx_word' id='word_1_42' title='bbox 754 388 945 416; x_wconf 78' lang='lat' dir='ltr'>indicationes</span> <span class='ocrx_word' id='word_1_43' title='bbox 963 393 1086 423; x_wconf 85' lang='lat' dir='ltr'>vocant,</span> <span class='ocrx_word' id='word_1_44' title='bbox 1117 394 1247 422; x_wconf 83' lang='lat' dir='ltr'>quaeque</span> <span class='ocrx_word' id='word_1_45' title='bbox 1268 387 1299 415; x_wconf 90' lang='lat' dir='ltr'>in</span> <span class='ocrx_word' id='word_1_46' title='bbox 1321 395 1387 416; x_wconf 88' lang='lat' dir='ltr'>suae</span> <span class='ocrx_word' id='word_1_47' title='bbox 1407 387 1516 417; x_wconf 90' lang='lat' dir='ltr'>theoria</span> <span class='ocrx_word' id='word_1_48' title='bbox 1540 388 1724 425; x_wconf 88' lang='lat' dir='ltr'>pathologiae</span> 
     </span>
     <span class='ocr_line' id='line_1_6' title="bbox 204 438 1725 476; baseline -0.001 -7"><span class='ocrx_word' id='word_1_49' title='bbox 204 446 284 469; x_wconf 86' lang='lat' dir='ltr'>erant</span> <span class='ocrx_word' id='word_1_50' title='bbox 305 439 450 468; x_wconf 82' lang='lat' dir='ltr'><strong>fundatae.</strong></span> <span class='ocrx_word' id='word_1_51' title='bbox 496 439 589 468; x_wconf 88' lang='lat' dir='ltr'>Prima</span> <span class='ocrx_word' id='word_1_52' title='bbox 613 447 723 476; x_wconf 88' lang='lat' dir='ltr'><strong>semper</strong></span> <span class='ocrx_word' id='word_1_53' title='bbox 743 439 799 476; x_wconf 88' lang='lat' dir='ltr'>ipsi</span> <span class='ocrx_word' id='word_1_54' title='bbox 817 438 894 474; x_wconf 88' lang='lat' dir='ltr'>fuit,</span> <span class='ocrx_word' id='word_1_55' title='bbox 914 438 1019 474; x_wconf 86' lang='lat' dir='ltr'>illaque</span> <span class='ocrx_word' id='word_1_56' title='bbox 1044 439 1201 476; x_wconf 57' lang='lat' dir='ltr'>genet-alm,</span> <span class='ocrx_word' id='word_1_57' title='bbox 1230 438 1386 474; x_wconf 86' lang='lat' dir='ltr'>indicatio,</span> <span class='ocrx_word' id='word_1_58' title='bbox 1407 439 1469 468; x_wconf 81' lang='lat' dir='ltr'>sive</span> <span class='ocrx_word' id='word_1_59' title='bbox 1488 440 1603 476; x_wconf 83' lang='lat' dir='ltr'>regula,</span> <span class='ocrx_word' id='word_1_60' title='bbox 1633 445 1725 468; x_wconf 81' lang='lat' dir='ltr'>motus</span> 
     </span>
     <span class='ocr_line' id='line_1_7' title="bbox 203 488 1725 530; baseline -0.001 -10"><span class='ocrx_word' id='word_1_61' title='bbox 203 491 350 520; x_wconf 67' lang='lat' dir='ltr'>salutares</span> <span class='ocrx_word' id='word_1_62' title='bbox 373 497 501 520; x_wconf 73' lang='lat' dir='ltr'>naturae</span> <span class='ocrx_word' id='word_1_63' title='bbox 519 491 689 528; x_wconf 75' lang='lat' dir='ltr'>observare,</span> <span class='ocrx_word' id='word_1_64' title='bbox 710 492 829 530; x_wconf 71' lang='lat' dir='ltr'>illosque</span> <span class='ocrx_word' id='word_1_65' title='bbox 848 498 904 529; x_wconf 85' lang='lat' dir='ltr'>pro</span> <span class='ocrx_word' id='word_1_66' title='bbox 931 491 1160 519; x_wconf 77' lang='lat' dir='ltr'><em>circumstantiis</em></span> <span class='ocrx_word' id='word_1_67' title='bbox 1195 488 1372 526; x_wconf 80' lang='lat' dir='ltr'>modificare.</span> <span class='ocrx_word' id='word_1_68' title='bbox 1419 490 1653 526; x_wconf 81' lang='lat' dir='ltr'>Demonstravit,</span> <span class='ocrx_word' id='word_1_69' title='bbox 1682 499 1725 519; x_wconf 85' lang='lat' dir='ltr'>ra-</span> 
     </span>
     <span class='ocr_line' id='line_1_8' title="bbox 204 542 1725 579; baseline 0.001 -9"><span class='ocrx_word' id='word_1_70' title='bbox 204 542 377 577; x_wconf 88' lang='lat' dir='ltr'>tiocinium,</span> <span class='ocrx_word' id='word_1_71' title='bbox 407 543 579 579; x_wconf 75' lang='lat' dir='ltr'>experientia</span> <span class='ocrx_word' id='word_1_72' title='bbox 603 552 662 573; x_wconf 91' lang='lat' dir='ltr'>non</span> <span class='ocrx_word' id='word_1_73' title='bbox 685 543 856 578; x_wconf 85' lang='lat' dir='ltr'>fundatum,</span> <span class='ocrx_word' id='word_1_74' title='bbox 887 552 999 579; x_wconf 81' lang='lat' dir='ltr'>semper</span> <span class='ocrx_word' id='word_1_75' title='bbox 1020 543 1049 572; x_wconf 91' lang='lat' dir='ltr'>in</span> <span class='ocrx_word' id='word_1_76' title='bbox 1075 543 1273 571; x_wconf 83' lang='lat' dir='ltr'>detrimentum</span> <span class='ocrx_word' id='word_1_77' title='bbox 1298 542 1459 571; x_wconf 86' lang='lat' dir='ltr'>Medicinae</span> <span class='ocrx_word' id='word_1_78' title='bbox 1480 551 1577 579; x_wconf 90' lang='lat' dir='ltr'>ruere,</span> <span class='ocrx_word' id='word_1_79' title='bbox 1604 549 1632 571; x_wconf 89' lang='lat' dir='ltr'>et</span> <span class='ocrx_word' id='word_1_80' title='bbox 1655 543 1725 572; x_wconf 84' lang='lat' dir='ltr'>hinc</span> 
     </span>
     <span class='ocr_line' id='line_1_9' title="bbox 203 586 1725 630; baseline 0.001 -9"><span class='ocrx_word' id='word_1_81' title='bbox 203 593 320 623; x_wconf 81' lang='lat' dir='ltr'>maximi</span> <span class='ocrx_word' id='word_1_82' title='bbox 351 593 435 624; x_wconf 84' lang='lat' dir='ltr'>duxit</span> <span class='ocrx_word' id='word_1_83' title='bbox 465 594 587 624; x_wconf 87' lang='lat' dir='ltr'>multas</span> <span class='ocrx_word' id='word_1_84' title='bbox 605 594 821 624; x_wconf 78' lang='lat' dir='ltr'>observationes</span> <span class='ocrx_word' id='word_1_85' title='bbox 846 600 872 622; x_wconf 84' lang='lat' dir='ltr'>et</span> <span class='ocrx_word' id='word_1_86' title='bbox 901 586 1066 624; x_wconf 85' lang='lat' dir='ltr'>diuturnam</span> <span class='ocrx_word' id='word_1_87' title='bbox 1095 593 1319 630; x_wconf 81' lang='lat' dir='ltr'>experientiam,</span> <span class='ocrx_word' id='word_1_88' title='bbox 1347 600 1433 629; x_wconf 85' lang='lat' dir='ltr'>atque</span> <span class='ocrx_word' id='word_1_89' title='bbox 1456 593 1521 623; x_wconf 85' lang='lat' dir='ltr'>his</span> <span class='ocrx_word' id='word_1_90' title='bbox 1531 586 1725 630; x_wconf 77' lang='lat' dir='ltr'>superstruxit</span> 
     </span>
     <span class='ocr_line' id='line_1_10' title="bbox 205 645 1729 683; baseline 0.001 -10"><span class='ocrx_word' id='word_1_91' title='bbox 205 650 335 681; x_wconf 81' lang='lat' dir='ltr'>systema</span> <span class='ocrx_word' id='word_1_92' title='bbox 354 653 441 674; x_wconf 90' lang='lat' dir='ltr'>suum</span> <span class='ocrx_word' id='word_1_93' title='bbox 467 645 646 681; x_wconf 86' lang='lat' dir='ltr'>practicum,</span> <span class='ocrx_word' id='word_1_94' title='bbox 669 645 697 674; x_wconf 89' lang='lat' dir='ltr'>in</span> <span class='ocrx_word' id='word_1_95' title='bbox 716 654 773 681; x_wconf 87' lang='lat' dir='ltr'>qua</span> <span class='ocrx_word' id='word_1_96' title='bbox 789 645 939 681; x_wconf 70' lang='lat' dir='ltr'>doctrina,</span> <span class='ocrx_word' id='word_1_97' title='bbox 963 646 1003 674; x_wconf 87' lang='lat' dir='ltr'>ita</span> <span class='ocrx_word' id='word_1_98' title='bbox 1016 645 1109 681; x_wconf 82' lang='lat' dir='ltr'>dicta,</span> <span class='ocrx_word' id='word_1_99' title='bbox 1134 646 1341 683; x_wconf 69' lang='lat' dir='ltr'>Hippocratica</span> <span class='ocrx_word' id='word_1_100' title='bbox 1365 646 1447 681; x_wconf 86' lang='lat' dir='ltr'>quasi</span> <span class='ocrx_word' id='word_1_101' title='bbox 1463 645 1530 675; x_wconf 90' lang='lat' dir='ltr'>fons</span> <span class='ocrx_word' id='word_1_102' title='bbox 1553 646 1647 674; x_wconf 88' lang='lat' dir='ltr'>haeret</span> <span class='ocrx_word' id='word_1_103' title='bbox 1666 654 1729 674; x_wconf 88' lang='lat' dir='ltr'>orn-</span> 
     </span>
     <span class='ocr_line' id='line_1_11' title="bbox 203 695 1729 733; baseline 0.001 -10"><span class='ocrx_word' id='word_1_104' title='bbox 203 695 284 724; x_wconf 88' lang='lat' dir='ltr'>nium</span> <span class='ocrx_word' id='word_1_105' title='bbox 302 704 530 732; x_wconf 83' lang='lat' dir='ltr'>progressuum,</span> <span class='ocrx_word' id='word_1_106' title='bbox 558 705 635 732; x_wconf 91' lang='lat' dir='ltr'>quos</span> <span class='ocrx_word' id='word_1_107' title='bbox 670 696 772 725; x_wconf 88' lang='lat' dir='ltr'>deinde</span> <span class='ocrx_word' id='word_1_108' title='bbox 796 697 865 725; x_wconf 82' lang='lat' dir='ltr'>fecit</span> <span class='ocrx_word' id='word_1_109' title='bbox 892 696 1048 726; x_wconf 77' lang='lat' dir='ltr'>Medicina.</span> <span class='ocrx_word' id='word_1_110' title='bbox 1096 697 1144 725; x_wconf 88' lang='lat' dir='ltr'>Sic</span> <span class='ocrx_word' id='word_1_111' title='bbox 1176 698 1304 726; x_wconf 86' lang='lat' dir='ltr'>omnium</span> <span class='ocrx_word' id='word_1_112' title='bbox 1333 704 1409 725; x_wconf 89' lang='lat' dir='ltr'>certe</span> <span class='ocrx_word' id='word_1_113' title='bbox 1433 697 1543 733; x_wconf 88' lang='lat' dir='ltr'>primus</span> <span class='ocrx_word' id='word_1_114' title='bbox 1571 697 1619 726; x_wconf 90' lang='lat' dir='ltr'>ille</span> <span class='ocrx_word' id='word_1_115' title='bbox 1643 705 1729 727; x_wconf 87' lang='lat' dir='ltr'>senex</span> 
     </span>
     <span class='ocr_line' id='line_1_12' title="bbox 206 746 1726 784; baseline 0.001 -9"><span class='ocrx_word' id='word_1_116' title='bbox 206 747 351 782; x_wconf 87' lang='lat' dir='ltr'>quoddam</span> <span class='ocrx_word' id='word_1_117' title='bbox 381 746 544 775; x_wconf 85' lang='lat' dir='ltr'>Medicinae</span> <span class='ocrx_word' id='word_1_118' title='bbox 571 746 719 776; x_wconf 83' lang='lat' dir='ltr'>rationalis</span> <span class='ocrx_word' id='word_1_119' title='bbox 743 747 960 777; x_wconf 79' lang='lat' dir='ltr'>fundamentum</span> <span class='ocrx_word' id='word_1_120' title='bbox 987 748 1138 784; x_wconf 88' lang='lat' dir='ltr'>praebuit,</span> <span class='ocrx_word' id='word_1_121' title='bbox 1165 757 1223 777; x_wconf 90' lang='lat' dir='ltr'>non</span> <span class='ocrx_word' id='word_1_122' title='bbox 1251 748 1324 776; x_wconf 84' lang='lat' dir='ltr'>illud</span> <span class='ocrx_word' id='word_1_123' title='bbox 1350 749 1464 783; x_wconf 86' lang='lat' dir='ltr'>quidem</span> <span class='ocrx_word' id='word_1_124' title='bbox 1488 757 1522 777; x_wconf 90' lang='lat' dir='ltr'>ex</span> <span class='ocrx_word' id='word_1_125' title='bbox 1548 748 1626 777; x_wconf 89' lang='lat' dir='ltr'>omni</span> <span class='ocrx_word' id='word_1_126' title='bbox 1646 753 1726 784; x_wconf 88' lang='lat' dir='ltr'>parte</span> 
     </span>
     <span class='ocr_line' id='line_1_13' title="bbox 205 796 1723 857; baseline 0.002 -32"><span class='ocrx_word' id='word_1_127' title='bbox 205 796 386 834; x_wconf 87' lang='lat' dir='ltr'>perfectum,</span> <span class='ocrx_word' id='word_1_128' title='bbox 417 797 466 826; x_wconf 90' lang='lat' dir='ltr'>sed</span> <span class='ocrx_word' id='word_1_129' title='bbox 487 797 543 825; x_wconf 87' lang='lat' dir='ltr'>tale</span> <span class='ocrx_word' id='word_1_130' title='bbox 563 803 656 826; x_wconf 90' lang='lat' dir='ltr'>tamen</span> <span class='ocrx_word' id='word_1_131' title='bbox 672 817 683 833; x_wconf 82' lang='lat'>,</span> <span class='ocrx_word' id='word_1_132' title='bbox 713 798 792 834; x_wconf 90' lang='lat' dir='ltr'>quod</span> <span class='ocrx_word' id='word_1_133' title='bbox 811 798 941 827; x_wconf 87' lang='lat' dir='ltr'>omnium</span> <span class='ocrx_word' id='word_1_134' title='bbox 939 800 1130 857; x_wconf 34' lang='lat' dir='ltr'>*seculorum</span> <span class='ocrx_word' id='word_1_135' title='bbox 1161 806 1189 828; x_wconf 88' lang='lat' dir='ltr'>et</span> <span class='ocrx_word' id='word_1_136' title='bbox 1205 799 1455 856; x_wconf 77' lang='lat' dir='ltr'>approbationem</span> <span class='ocrx_word' id='word_1_137' title='bbox 1484 806 1511 827; x_wconf 90' lang='lat' dir='ltr'>et</span> <span class='ocrx_word' id='word_1_138' title='bbox 1535 799 1723 829; x_wconf 87' lang='lat' dir='ltr'>imitationem</span> 
     </span>
     <span class='ocr_line' id='line_1_14' title="bbox 206 850 1083 876; baseline 0 0"><span class='ocrx_word' id='word_1_139' title='bbox 206 854 370 876; x_wconf 83' lang='lat' dir='ltr'>mereretur.</span> <span class='ocrx_word' id='word_1_140' title='bbox 773 851 816 859; x_wconf 51' lang='lat' dir='ltr'>&#39;W</span> <span class='ocrx_word' id='word_1_141' title='bbox 928 853 931 857; x_wconf 75' lang='grc'><em>’</em></span> <span class='ocrx_word' id='word_1_142' title='bbox 956 851 987 857; x_wconf 73' lang='grc'>““</span> <span class='ocrx_word' id='word_1_143' title='bbox 1000 850 1083 858; x_wconf 70' lang='grc'><em>“”““”</em></span> 
     </span>
    </p>

    <p class='ocr_par' dir='ltr' id='par_1_3' title="bbox 200 898 1736 2022">
     <span class='ocr_line' id='line_1_15' title="bbox 242 898 1728 938; baseline 0.003 -12"><span class='ocrx_word' id='word_1_144' title='bbox 242 898 348 927; x_wconf 89' lang='lat' dir='ltr'>Verum</span> <span class='ocrx_word' id='word_1_145' title='bbox 372 907 387 927; x_wconf 89' lang='lat' dir='ltr'>e</span> <span class='ocrx_word' id='word_1_146' title='bbox 408 899 552 928; x_wconf 87' lang='lat' dir='ltr'>contrario</span> <span class='ocrx_word' id='word_1_147' title='bbox 575 899 615 928; x_wconf 92' lang='lat' dir='ltr'>ita</span> <span class='ocrx_word' id='word_1_148' title='bbox 637 899 707 928; x_wconf 88' lang='lat' dir='ltr'>dicti</span> <span class='ocrx_word' id='word_1_149' title='bbox 724 900 909 937; x_wconf 83' lang='lat' dir='ltr'>Dogmatici,</span> <span class='ocrx_word' id='word_1_150' title='bbox 931 901 1039 938; x_wconf 82' lang='lat' dir='ltr'>(cujus</span> <span class='ocrx_word' id='word_1_151' title='bbox 1058 900 1205 931; x_wconf 82' lang='lat' dir='ltr'>doctrinae</span> <span class='ocrx_word' id='word_1_152' title='bbox 1230 901 1395 931; x_wconf 88' lang='lat' dir='ltr'>fundatores</span> <span class='ocrx_word' id='word_1_153' title='bbox 1422 902 1540 931; x_wconf 91' lang='lat' dir='ltr'>fuerunt</span> <span class='ocrx_word' id='word_1_154' title='bbox 1559 901 1728 938; x_wconf 74' lang='lat' dir='ltr'>Thessalus,</span> 
     </span>
     <span class='ocr_line' id='line_1_16' title="bbox 205 949 1728 992; baseline 0.004 -15"><span class='ocrx_word' id='word_1_155' title='bbox 205 949 307 978; x_wconf 81' lang='lat' dir='ltr'>Draco</span> <span class='ocrx_word' id='word_1_156' title='bbox 329 956 357 978; x_wconf 91' lang='lat' dir='ltr'>et</span> <span class='ocrx_word' id='word_1_157' title='bbox 379 949 516 987; x_wconf 71' lang='lat' dir='ltr'>Polybus,</span> <span class='ocrx_word' id='word_1_158' title='bbox 538 959 613 979; x_wconf 84' lang='lat' dir='ltr'>anno</span> <span class='ocrx_word' id='word_1_159' title='bbox 632 953 669 980; x_wconf 89' lang='lat' dir='ltr'>A.</span> <span class='ocrx_word' id='word_1_160' title='bbox 691 952 728 982; x_wconf 86' lang='lat' dir='ltr'>C.</span> <span class='ocrx_word' id='word_1_161' title='bbox 752 952 794 980; x_wconf 91' lang='lat' dir='ltr'>N.</span> <span class='ocrx_word' id='word_1_162' title='bbox 820 955 915 991; x_wconf 82' lang='lat'>370),</span> <span class='ocrx_word' id='word_1_163' title='bbox 938 962 972 982; x_wconf 82' lang='lat' dir='ltr'>ex</span> <span class='ocrx_word' id='word_1_164' title='bbox 992 955 1198 990; x_wconf 85' lang='lat' dir='ltr'>systematibus</span> <span class='ocrx_word' id='word_1_165' title='bbox 1219 954 1464 990; x_wconf 84' lang='lat' dir='ltr'>Philosophorum</span> <span class='ocrx_word' id='word_1_166' title='bbox 1487 960 1550 982; x_wconf 84' lang='lat' dir='ltr'>ante</span> <span class='ocrx_word' id='word_1_167' title='bbox 1567 954 1728 992; x_wconf 82' lang='lat' dir='ltr'>Hippocra-</span> 
     </span>
     <span class='ocr_line' id='line_1_17' title="bbox 205 1001 1727 1042; baseline 0.003 -13"><span class='ocrx_word' id='word_1_168' title='bbox 205 1008 282 1037; x_wconf 80' lang='lat' dir='ltr'>tem,</span> <span class='ocrx_word' id='word_1_169' title='bbox 312 1009 347 1030; x_wconf 85' lang='lat' dir='ltr'>ex</span> <span class='ocrx_word' id='word_1_170' title='bbox 371 1001 501 1030; x_wconf 86' lang='lat' dir='ltr'>doctrina</span> <span class='ocrx_word' id='word_1_171' title='bbox 523 1002 586 1038; x_wconf 73' lang='lat' dir='ltr'>ipsa</span> <span class='ocrx_word' id='word_1_172' title='bbox 614 1003 825 1040; x_wconf 85' lang='lat' dir='ltr'>Hippocratica</span> <span class='ocrx_word' id='word_1_173' title='bbox 853 1005 924 1034; x_wconf 81' lang='lat' dir='ltr'>male</span> <span class='ocrx_word' id='word_1_174' title='bbox 940 1005 1086 1042; x_wconf 82' lang='lat' dir='ltr'>exposita,</span> <span class='ocrx_word' id='word_1_175' title='bbox 1108 1014 1158 1034; x_wconf 90' lang='lat' dir='ltr'>nec</span> <span class='ocrx_word' id='word_1_176' title='bbox 1181 1014 1240 1034; x_wconf 91' lang='lat' dir='ltr'>non</span> <span class='ocrx_word' id='word_1_177' title='bbox 1264 1013 1297 1034; x_wconf 88' lang='lat' dir='ltr'>ex</span> <span class='ocrx_word' id='word_1_178' title='bbox 1319 1011 1471 1041; x_wconf 86' lang='lat' dir='ltr'>systemate</span> <span class='ocrx_word' id='word_1_179' title='bbox 1493 1004 1644 1040; x_wconf 80' lang='lat' dir='ltr'>Platonis,</span> <span class='ocrx_word' id='word_1_180' title='bbox 1669 1004 1727 1041; x_wconf 87' lang='lat' dir='ltr'>pri-</span> 
     </span>
     <span class='ocr_line' id='line_1_18' title="bbox 207 1053 1727 1098; baseline 0.001 -17"><span class='ocrx_word' id='word_1_181' title='bbox 207 1062 284 1081; x_wconf 87' lang='lat' dir='ltr'>mum</span> <span class='ocrx_word' id='word_1_182' title='bbox 300 1053 474 1089; x_wconf 84' lang='lat' dir='ltr'>hauserunt,</span> <span class='ocrx_word' id='word_1_183' title='bbox 500 1059 527 1081; x_wconf 87' lang='lat' dir='ltr'>et</span> <span class='ocrx_word' id='word_1_184' title='bbox 546 1054 708 1085; x_wconf 82' lang='lat' dir='ltr'>Medicinae</span> <span class='ocrx_word' id='word_1_185' title='bbox 732 1055 1000 1093; x_wconf 49' lang='lat' dir='ltr'>fundamentmnon</span> <span class='ocrx_word' id='word_1_186' title='bbox 1030 1056 1059 1086; x_wconf 86' lang='lat' dir='ltr'>in</span> <span class='ocrx_word' id='word_1_187' title='bbox 1085 1055 1338 1098; x_wconf 76' lang='lat' dir='ltr'>observationibus</span> <span class='ocrx_word' id='word_1_188' title='bbox 1361 1063 1389 1084; x_wconf 86' lang='lat' dir='ltr'>et</span> <span class='ocrx_word' id='word_1_189' title='bbox 1409 1055 1598 1092; x_wconf 86' lang='lat' dir='ltr'>experientia,</span> <span class='ocrx_word' id='word_1_190' title='bbox 1627 1063 1727 1084; x_wconf 87' lang='lat' dir='ltr'>verum</span> 
     </span>
     <span class='ocr_line' id='line_1_19' title="bbox 206 1096 1730 1145; baseline 0.001 -13"><span class='ocrx_word' id='word_1_191' title='bbox 206 1105 236 1133; x_wconf 87' lang='lat' dir='ltr'>in</span> <span class='ocrx_word' id='word_1_192' title='bbox 258 1105 430 1140; x_wconf 83' lang='lat' dir='ltr'>ratiocinio,</span> <span class='ocrx_word' id='word_1_193' title='bbox 457 1111 568 1134; x_wconf 87' lang='lat' dir='ltr'>tantum</span> <span class='ocrx_word' id='word_1_194' title='bbox 594 1114 656 1134; x_wconf 85' lang='lat' dir='ltr'>esse</span> <span class='ocrx_word' id='word_1_195' title='bbox 671 1099 810 1142; x_wconf 45' lang='lat' dir='ltr'>‘ponenda</span> <span class='ocrx_word' id='word_1_196' title='bbox 836 1096 998 1136; x_wconf 82' lang='lat' dir='ltr'>statuerunt</span> <span class='ocrx_word' id='word_1_197' title='bbox 1059 1100 1202 1136; x_wconf 77' lang='lat' dir='ltr'>Dicebant</span> <span class='ocrx_word' id='word_1_198' title='bbox 1234 1098 1371 1143; x_wconf 76' lang='lat' dir='ltr'>quidem,</span> <span class='ocrx_word' id='word_1_199' title='bbox 1400 1115 1430 1135; x_wconf 87' lang='lat' dir='ltr'>se</span> <span class='ocrx_word' id='word_1_200' title='bbox 1459 1114 1520 1135; x_wconf 88' lang='lat' dir='ltr'>esse</span> <span class='ocrx_word' id='word_1_201' title='bbox 1542 1106 1730 1145; x_wconf 68' lang='lat' dir='ltr'>Hippocratt&#39;s&#39;</span> 
     </span>
     <span class='ocr_line' id='line_1_20' title="bbox 207 1156 1731 1195; baseline 0 -10"><span class='ocrx_word' id='word_1_202' title='bbox 207 1162 383 1191; x_wconf 80' lang='lat' dir='ltr'>sectatores,</span> <span class='ocrx_word' id='word_1_203' title='bbox 404 1164 501 1185; x_wconf 88' lang='lat' dir='ltr'>verum</span> <span class='ocrx_word' id='word_1_204' title='bbox 522 1163 549 1185; x_wconf 91' lang='lat' dir='ltr'>et</span> <span class='ocrx_word' id='word_1_205' title='bbox 568 1156 597 1186; x_wconf 92' lang='lat' dir='ltr'>in</span> <span class='ocrx_word' id='word_1_206' title='bbox 615 1157 715 1193; x_wconf 84' lang='lat' dir='ltr'>praxi,</span> <span class='ocrx_word' id='word_1_207' title='bbox 738 1164 766 1186; x_wconf 91' lang='lat' dir='ltr'>et</span> <span class='ocrx_word' id='word_1_208' title='bbox 783 1158 928 1193; x_wconf 84' lang='lat' dir='ltr'>inlibris,</span> <span class='ocrx_word' id='word_1_209' title='bbox 951 1166 1027 1192; x_wconf 88' lang='lat' dir='ltr'>quos</span> <span class='ocrx_word' id='word_1_210' title='bbox 1051 1158 1080 1187; x_wconf 88' lang='lat' dir='ltr'>in</span> <span class='ocrx_word' id='word_1_211' title='bbox 1104 1159 1196 1187; x_wconf 87' lang='lat' dir='ltr'>lucem</span> <span class='ocrx_word' id='word_1_212' title='bbox 1213 1158 1377 1193; x_wconf 87' lang='lat' dir='ltr'>ediderunt,</span> <span class='ocrx_word' id='word_1_213' title='bbox 1400 1157 1592 1194; x_wconf 85' lang='lat' dir='ltr'>maximopere</span> <span class='ocrx_word' id='word_1_214' title='bbox 1606 1157 1641 1186; x_wconf 94' lang='lat' dir='ltr'>ab</span> <span class='ocrx_word' id='word_1_215' title='bbox 1658 1156 1731 1195; x_wconf 82' lang='lat' dir='ltr'>Hip-</span> 
     </span>
     <span class='ocr_line' id='line_1_21' title="bbox 200 1207 1734 1257; baseline -0.001 -20"><span class='ocrx_word' id='word_1_216' title='bbox 200 1215 320 1248; x_wconf 75' lang='lat' dir='ltr'>pacratc</span> <span class='ocrx_word' id='word_1_217' title='bbox 348 1209 494 1239; x_wconf 85' lang='lat' dir='ltr'>differunt.</span> <span class='ocrx_word' id='word_1_218' title='bbox 544 1209 601 1240; x_wconf 88' lang='lat' dir='ltr'>Hic</span> <span class='ocrx_word' id='word_1_219' title='bbox 627 1212 699 1240; x_wconf 86' lang='lat' dir='ltr'>enim</span> <span class='ocrx_word' id='word_1_220' title='bbox 728 1220 878 1248; x_wconf 77' lang='lat' dir='ltr'>nunquam</span> <span class='ocrx_word' id='word_1_221' title='bbox 909 1210 1112 1253; x_wconf 77' lang='lat' dir='ltr'>experientiam</span> <span class='ocrx_word' id='word_1_222' title='bbox 1141 1216 1168 1238; x_wconf 85' lang='lat' dir='ltr'>ct</span> <span class='ocrx_word' id='word_1_223' title='bbox 1197 1209 1414 1243; x_wconf 79' lang='lat' dir='ltr'>observationes</span> <span class='ocrx_word' id='word_1_224' title='bbox 1448 1207 1734 1257; x_wconf 81' lang='lat' dir='ltr'>transgrediebatur,</span> 
     </span>
     <span class='ocr_line' id='line_1_22' title="bbox 206 1251 1734 1304; baseline -0.001 -14"><span class='ocrx_word' id='word_1_225' title='bbox 206 1260 361 1297; x_wconf 81' lang='lat' dir='ltr'>dogmatici</span> <span class='ocrx_word' id='word_1_226' title='bbox 384 1270 452 1290; x_wconf 85' lang='lat' dir='ltr'>vero</span> <span class='ocrx_word' id='word_1_227' title='bbox 473 1261 556 1290; x_wconf 88' lang='lat' dir='ltr'>etiam</span> <span class='ocrx_word' id='word_1_228' title='bbox 578 1262 766 1292; x_wconf 83' lang='lat' dir='ltr'>necessariam</span> <span class='ocrx_word' id='word_1_229' title='bbox 791 1263 937 1299; x_wconf 83' lang='lat' dir='ltr'>ponebant</span> <span class='ocrx_word' id='word_1_230' title='bbox 962 1263 1121 1299; x_wconf 81' lang='lat' dir='ltr'>abditarum</span> <span class='ocrx_word' id='word_1_231' title='bbox 1150 1269 1300 1290; x_wconf 81' lang='lat' dir='ltr'>causarum</span> <span class='ocrx_word' id='word_1_232' title='bbox 1327 1260 1461 1290; x_wconf 86' lang='lat' dir='ltr'>notitiam</span> <span class='ocrx_word' id='word_1_233' title='bbox 1477 1281 1487 1296; x_wconf 86' lang='lat'>,</span> <span class='ocrx_word' id='word_1_234' title='bbox 1509 1251 1734 1304; x_wconf 58' lang='lat' dir='ltr'>statuebantque‘</span> 
     </span>
     <span class='ocr_line' id='line_1_23' title="bbox 207 1298 1734 1349; baseline -0.003 -7"><span class='ocrx_word' id='word_1_235' title='bbox 207 1312 302 1342; x_wconf 86' lang='lat' dir='ltr'>onmia</span> <span class='ocrx_word' id='word_1_236' title='bbox 326 1311 395 1347; x_wconf 86' lang='lat' dir='ltr'>illa,</span> <span class='ocrx_word' id='word_1_237' title='bbox 418 1321 491 1348; x_wconf 88' lang='lat' dir='ltr'>quae</span> <span class='ocrx_word' id='word_1_238' title='bbox 522 1313 733 1342; x_wconf 83' lang='lat' dir='ltr'>observantur</span> <span class='ocrx_word' id='word_1_239' title='bbox 726 1323 756 1342; x_wconf 90' lang='grc' dir='ltr'>ιιι</span> <span class='ocrx_word' id='word_1_240' title='bbox 774 1314 911 1349; x_wconf 82' lang='lat' dir='ltr'>homine,</span> <span class='ocrx_word' id='word_1_241' title='bbox 936 1323 1000 1343; x_wconf 85' lang='lat' dir='ltr'>esse</span> <span class='ocrx_word' id='word_1_242' title='bbox 1019 1314 1140 1347; x_wconf 71' lang='lat' dir='ltr'>maxime</span> <span class='ocrx_word' id='word_1_243' title='bbox 1162 1313 1300 1347; x_wconf 72' lang='lat' dir='ltr'>fottuica,</span> <span class='ocrx_word' id='word_1_244' title='bbox 1322 1311 1433 1341; x_wconf 86' lang='lat' dir='ltr'>fallacia</span> <span class='ocrx_word' id='word_1_245' title='bbox 1452 1318 1538 1347; x_wconf 89' lang='lat' dir='ltr'>atque</span> <span class='ocrx_word' id='word_1_246' title='bbox 1562 1298 1734 1346; x_wconf 75' lang='lat' dir='ltr'>mutabilia,</span> 
     </span>
     <span class='ocr_line' id='line_1_24' title="bbox 205 1355 1735 1402; baseline 0 -10"><span class='ocrx_word' id='word_1_247' title='bbox 205 1369 234 1392; x_wconf 86' lang='lat' dir='ltr'>et</span> <span class='ocrx_word' id='word_1_248' title='bbox 255 1362 321 1391; x_wconf 85' lang='lat' dir='ltr'>talia</span> <span class='ocrx_word' id='word_1_249' title='bbox 345 1363 451 1392; x_wconf 85' lang='lat' dir='ltr'>idcirco</span> <span class='ocrx_word' id='word_1_250' title='bbox 475 1363 637 1393; x_wconf 87' lang='lat' dir='ltr'>Medicinae</span> <span class='ocrx_word' id='word_1_251' title='bbox 650 1364 834 1394; x_wconf 82' lang='lat' dir='ltr'>fundamenta</span> <span class='ocrx_word' id='word_1_252' title='bbox 854 1366 987 1402; x_wconf 86' lang='lat' dir='ltr'>praebere</span> <span class='ocrx_word' id='word_1_253' title='bbox 1003 1375 1063 1395; x_wconf 90' lang='lat' dir='ltr'>non</span> <span class='ocrx_word' id='word_1_254' title='bbox 1086 1374 1190 1402; x_wconf 86' lang='lat' dir='ltr'>posse,</span> <span class='ocrx_word' id='word_1_255' title='bbox 1212 1366 1261 1393; x_wconf 88' lang='lat' dir='ltr'>sed</span> <span class='ocrx_word' id='word_1_256' title='bbox 1274 1365 1369 1393; x_wconf 90' lang='lat' dir='ltr'>omnia</span> <span class='ocrx_word' id='word_1_257' title='bbox 1391 1373 1407 1393; x_wconf 86' lang='lat' dir='ltr'>a</span> <span class='ocrx_word' id='word_1_258' title='bbox 1422 1364 1516 1400; x_wconf 87' lang='lat' dir='ltr'>primo</span> <span class='ocrx_word' id='word_1_259' title='bbox 1532 1363 1649 1392; x_wconf 84' lang='lat' dir='ltr'>exordio</span> <span class='ocrx_word' id='word_1_260' title='bbox 1669 1355 1735 1402; x_wconf 62' lang='lat' dir='ltr'>esse</span> 
     </span>
     <span class='ocr_line' id='line_1_25' title="bbox 207 1414 1732 1453; baseline 0.002 -11"><span class='ocrx_word' id='word_1_261' title='bbox 207 1414 383 1451; x_wconf 74' lang='lat' dir='ltr'>indaganda,</span> <span class='ocrx_word' id='word_1_262' title='bbox 413 1420 446 1442; x_wconf 93' lang='lat' dir='ltr'>ut</span> <span class='ocrx_word' id='word_1_263' title='bbox 473 1415 602 1444; x_wconf 86' lang='lat' dir='ltr'>veritatis</span> <span class='ocrx_word' id='word_1_264' title='bbox 636 1416 773 1444; x_wconf 83' lang='lat' dir='ltr'>certiores</span> <span class='ocrx_word' id='word_1_265' title='bbox 804 1416 863 1445; x_wconf 89' lang='lat' dir='ltr'>fieri</span> <span class='ocrx_word' id='word_1_266' title='bbox 893 1424 1027 1453; x_wconf 89' lang='lat' dir='ltr'>possent.</span> <span class='ocrx_word' id='word_1_267' title='bbox 1076 1416 1152 1445; x_wconf 87' lang='lat' dir='ltr'>Risu</span> <span class='ocrx_word' id='word_1_268' title='bbox 1183 1415 1268 1453; x_wconf 87' lang='lat' dir='ltr'>digna</span> <span class='ocrx_word' id='word_1_269' title='bbox 1296 1415 1404 1450; x_wconf 89' lang='lat' dir='ltr'>multa,</span> <span class='ocrx_word' id='word_1_270' title='bbox 1433 1415 1482 1444; x_wconf 89' lang='lat' dir='ltr'>sed</span> <span class='ocrx_word' id='word_1_271' title='bbox 1504 1421 1531 1442; x_wconf 86' lang='lat' dir='ltr'>et</span> <span class='ocrx_word' id='word_1_272' title='bbox 1552 1420 1732 1445; x_wconf 83' lang='lat' dir='ltr'>momentosa</span> 
     </span>
     <span class='ocr_line' id='line_1_26' title="bbox 207 1455 1732 1505; baseline -0.001 -10"><span class='ocrx_word' id='word_1_273' title='bbox 207 1466 350 1495; x_wconf 84' lang='lat' dir='ltr'>nonnulla</span> <span class='ocrx_word' id='word_1_274' title='bbox 374 1472 609 1502; x_wconf 79' lang='lat' dir='ltr'>proposuerunt3</span> <span class='ocrx_word' id='word_1_275' title='bbox 640 1467 782 1495; x_wconf 87' lang='lat' dir='ltr'>variorum</span> <span class='ocrx_word' id='word_1_276' title='bbox 817 1473 912 1496; x_wconf 86' lang='lat' dir='ltr'>autem</span> <span class='ocrx_word' id='word_1_277' title='bbox 944 1468 1032 1505; x_wconf 88' lang='lat' dir='ltr'>hujus</span> <span class='ocrx_word' id='word_1_278' title='bbox 1067 1468 1213 1497; x_wconf 67' lang='lat' dir='ltr'>doctrinat-</span> <span class='ocrx_word' id='word_1_279' title='bbox 1241 1455 1531 1496; x_wconf 30' lang='lat' dir='ltr'>sectatorum&#39;vartae</span> <span class='ocrx_word' id='word_1_280' title='bbox 1562 1474 1646 1502; x_wconf 87' lang='lat' dir='ltr'>saepe</span> <span class='ocrx_word' id='word_1_281' title='bbox 1669 1466 1732 1495; x_wconf 79' lang='lat' dir='ltr'>fue·</span> 
     </span>
     <span class='ocr_line' id='line_1_27' title="bbox 211 1516 1735 1557; baseline 0.001 -12"><span class='ocrx_word' id='word_1_282' title='bbox 211 1524 278 1545; x_wconf 88' lang='lat' dir='ltr'>runt</span> <span class='ocrx_word' id='word_1_283' title='bbox 296 1517 460 1553; x_wconf 85' lang='lat' dir='ltr'>opiniones.</span> <span class='ocrx_word' id='word_1_284' title='bbox 504 1516 550 1545; x_wconf 93' lang='lat' dir='ltr'>Sic</span> <span class='ocrx_word' id='word_1_285' title='bbox 575 1516 749 1555; x_wconf 62' lang='lat' dir='ltr'>Iler-ophilus</span> <span class='ocrx_word' id='word_1_286' title='bbox 765 1518 923 1548; x_wconf 87' lang='lat' dir='ltr'>humoralis</span> <span class='ocrx_word' id='word_1_287' title='bbox 947 1525 1004 1547; x_wconf 88' lang='lat' dir='ltr'>erat</span> <span class='ocrx_word' id='word_1_288' title='bbox 1027 1520 1222 1557; x_wconf 84' lang='lat' dir='ltr'>pathologus,</span> <span class='ocrx_word' id='word_1_289' title='bbox 1251 1519 1301 1555; x_wconf 91' lang='lat' dir='ltr'>qui</span> <span class='ocrx_word' id='word_1_290' title='bbox 1326 1518 1455 1548; x_wconf 88' lang='lat' dir='ltr'>omnium</span> <span class='ocrx_word' id='word_1_291' title='bbox 1476 1517 1643 1547; x_wconf 80' lang='lat' dir='ltr'>morborum</span> <span class='ocrx_word' id='word_1_292' title='bbox 1665 1526 1735 1547; x_wconf 83' lang='lat' dir='ltr'>cau-</span> 
     </span>
     <span class='ocr_line' id='line_1_28' title="bbox 210 1568 1734 1608; baseline 0.003 -13"><span class='ocrx_word' id='word_1_293' title='bbox 210 1576 256 1599; x_wconf 82' lang='lat' dir='ltr'>sas</span> <span class='ocrx_word' id='word_1_294' title='bbox 275 1568 376 1604; x_wconf 90' lang='lat' dir='ltr'>posuit</span> <span class='ocrx_word' id='word_1_295' title='bbox 401 1568 522 1596; x_wconf 86' lang='lat' dir='ltr'>maxime</span> <span class='ocrx_word' id='word_1_296' title='bbox 545 1569 757 1605; x_wconf 88' lang='lat' dir='ltr'>complicatas,</span> <span class='ocrx_word' id='word_1_297' title='bbox 785 1578 857 1605; x_wconf 85' lang='lat' dir='ltr'>quas</span> <span class='ocrx_word' id='word_1_298' title='bbox 879 1569 1061 1606; x_wconf 83' lang='lat' dir='ltr'>complicatis</span> <span class='ocrx_word' id='word_1_299' title='bbox 1085 1570 1168 1599; x_wconf 86' lang='lat' dir='ltr'>etiam</span> <span class='ocrx_word' id='word_1_300' title='bbox 1191 1570 1320 1599; x_wconf 79' lang='lat' dir='ltr'>remediis</span> <span class='ocrx_word' id='word_1_301' title='bbox 1347 1577 1476 1598; x_wconf 89' lang='lat' dir='ltr'>amovere</span> <span class='ocrx_word' id='word_1_302' title='bbox 1499 1569 1672 1604; x_wconf 84' lang='lat' dir='ltr'>conabatur,</span> <span class='ocrx_word' id='word_1_303' title='bbox 1691 1569 1734 1608; x_wconf 74' lang='lat' dir='ltr'>ita</span> 
     </span>
     <span class='ocr_line' id='line_1_29' title="bbox 210 1620 1736 1659; baseline 0.001 -12"><span class='ocrx_word' id='word_1_304' title='bbox 210 1625 242 1648; x_wconf 91' lang='lat' dir='ltr'>ut</span> <span class='ocrx_word' id='word_1_305' title='bbox 263 1620 331 1648; x_wconf 88' lang='lat' dir='ltr'>hinc</span> <span class='ocrx_word' id='word_1_306' title='bbox 354 1620 477 1656; x_wconf 78' lang='lat' dir='ltr'>simplex</span> <span class='ocrx_word' id='word_1_307' title='bbox 501 1620 709 1656; x_wconf 81' lang='lat' dir='ltr'>praescribendi</span> <span class='ocrx_word' id='word_1_308' title='bbox 730 1622 883 1650; x_wconf 79' lang='lat' dir='ltr'>methodus</span> <span class='ocrx_word' id='word_1_309' title='bbox 914 1621 1122 1659; x_wconf 86' lang='lat' dir='ltr'>Hippocratica</span> <span class='ocrx_word' id='word_1_310' title='bbox 1147 1621 1204 1650; x_wconf 81' lang='lat' dir='ltr'>fere</span> <span class='ocrx_word' id='word_1_311' title='bbox 1228 1621 1418 1656; x_wconf 87' lang='lat' dir='ltr'>obsoleverit,</span> <span class='ocrx_word' id='word_1_312' title='bbox 1447 1627 1474 1649; x_wconf 90' lang='lat' dir='ltr'>et</span> <span class='ocrx_word' id='word_1_313' title='bbox 1499 1621 1533 1649; x_wconf 91' lang='lat' dir='ltr'>ad</span> <span class='ocrx_word' id='word_1_314' title='bbox 1560 1621 1616 1649; x_wconf 90' lang='lat' dir='ltr'>hoc</span> <span class='ocrx_word' id='word_1_315' title='bbox 1640 1629 1736 1657; x_wconf 84' lang='lat' dir='ltr'>usque</span> 
     </span>
     <span class='ocr_line' id='line_1_30' title="bbox 210 1670 1736 1707; baseline -0.001 -8"><span class='ocrx_word' id='word_1_316' title='bbox 210 1677 323 1707; x_wconf 88' lang='lat' dir='ltr'>tempus</span> <span class='ocrx_word' id='word_1_317' title='bbox 345 1671 466 1700; x_wconf 87' lang='lat' dir='ltr'>absurda</span> <span class='ocrx_word' id='word_1_318' title='bbox 489 1671 554 1700; x_wconf 85' lang='lat' dir='ltr'>talia</span> <span class='ocrx_word' id='word_1_319' title='bbox 571 1672 691 1701; x_wconf 85' lang='lat' dir='ltr'>remedia</span> <span class='ocrx_word' id='word_1_320' title='bbox 714 1682 728 1701; x_wconf 93' lang='lat' dir='ltr'>a</span> <span class='ocrx_word' id='word_1_321' title='bbox 745 1673 895 1702; x_wconf 83' lang='lat' dir='ltr'>nonnullis</span> <span class='ocrx_word' id='word_1_322' title='bbox 919 1672 947 1700; x_wconf 88' lang='lat' dir='ltr'>in</span> <span class='ocrx_word' id='word_1_323' title='bbox 969 1680 1052 1701; x_wconf 87' lang='lat' dir='ltr'>usum</span> <span class='ocrx_word' id='word_1_324' title='bbox 1067 1678 1225 1706; x_wconf 85' lang='lat' dir='ltr'>vocentur,</span> <span class='ocrx_word' id='word_1_325' title='bbox 1248 1679 1370 1707; x_wconf 84' lang='lat' dir='ltr'>quorum</span> <span class='ocrx_word' id='word_1_326' title='bbox 1385 1671 1512 1707; x_wconf 85' lang='lat' dir='ltr'>exempla</span> <span class='ocrx_word' id='word_1_327' title='bbox 1529 1677 1598 1700; x_wconf 90' lang='lat' dir='ltr'>sunt</span> <span class='ocrx_word' id='word_1_328' title='bbox 1615 1670 1736 1706; x_wconf 51' lang='lat' dir='ltr'>Theriaq</span> 
     </span>
     <span class='ocr_line' id='line_1_31' title="bbox 208 1722 1734 1760; baseline -0.001 -9"><span class='ocrx_word' id='word_1_329' title='bbox 208 1732 243 1751; x_wconf 85' lang='lat' dir='ltr'>ca</span> <span class='ocrx_word' id='word_1_330' title='bbox 267 1723 490 1752; x_wconf 76' lang='lat' dir='ltr'>Andromachae</span> <span class='ocrx_word' id='word_1_331' title='bbox 511 1730 538 1752; x_wconf 89' lang='lat' dir='ltr'>et</span> <span class='ocrx_word' id='word_1_332' title='bbox 561 1724 652 1753; x_wconf 90' lang='lat' dir='ltr'>multa</span> <span class='ocrx_word' id='word_1_333' title='bbox 678 1725 749 1760; x_wconf 78' lang='lat' dir='ltr'>alia3</span> <span class='ocrx_word' id='word_1_334' title='bbox 783 1725 988 1753; x_wconf 73' lang='lat' dir='ltr'>Erasistratus</span> <span class='ocrx_word' id='word_1_335' title='bbox 1017 1731 1087 1752; x_wconf 85' lang='lat' dir='ltr'>vero</span> <span class='ocrx_word' id='word_1_336' title='bbox 1112 1730 1211 1751; x_wconf 86' lang='lat' dir='ltr'>omnes</span> <span class='ocrx_word' id='word_1_337' title='bbox 1233 1723 1351 1751; x_wconf 88' lang='lat' dir='ltr'>morbos</span> <span class='ocrx_word' id='word_1_338' title='bbox 1375 1731 1410 1751; x_wconf 84' lang='lat' dir='ltr'>ex</span> <span class='ocrx_word' id='word_1_339' title='bbox 1428 1722 1501 1751; x_wconf 93' lang='lat' dir='ltr'>vitio</span> <span class='ocrx_word' id='word_1_340' title='bbox 1524 1722 1683 1751; x_wconf 88' lang='lat' dir='ltr'>solidorum</span> <span class='ocrx_word' id='word_1_341' title='bbox 1706 1727 1734 1749; x_wconf 85' lang='lat' dir='ltr'>et</span> 
     </span>
     <span class='ocr_line' id='line_1_32' title="bbox 209 1764 1735 1814; baseline -0.001 -12"><span class='ocrx_word' id='word_1_342' title='bbox 209 1782 302 1803; x_wconf 86' lang='lat' dir='ltr'>errore</span> <span class='ocrx_word' id='word_1_343' title='bbox 322 1764 380 1803; x_wconf 77' lang='lat' dir='ltr'>loci</span> <span class='ocrx_word' id='word_1_344' title='bbox 401 1775 554 1804; x_wconf 80' lang='lat' dir='ltr'>derivavit.</span> <span class='ocrx_word' id='word_1_345' title='bbox 597 1775 704 1805; x_wconf 87' lang='lat' dir='ltr'>Omnes</span> <span class='ocrx_word' id='word_1_346' title='bbox 734 1783 826 1805; x_wconf 85' lang='lat' dir='ltr'>autem</span> <span class='ocrx_word' id='word_1_347' title='bbox 853 1776 1018 1814; x_wconf 87' lang='lat' dir='ltr'>Dogmatici</span> <span class='ocrx_word' id='word_1_348' title='bbox 1041 1777 1076 1804; x_wconf 88' lang='lat' dir='ltr'>de</span> <span class='ocrx_word' id='word_1_349' title='bbox 1095 1784 1129 1804; x_wconf 84' lang='lat' dir='ltr'>co</span> <span class='ocrx_word' id='word_1_350' title='bbox 1149 1783 1258 1812; x_wconf 85' lang='lat' dir='ltr'>semper</span> <span class='ocrx_word' id='word_1_351' title='bbox 1277 1781 1501 1810; x_wconf 87' lang='lat' dir='ltr'>consenserunt,</span> <span class='ocrx_word' id='word_1_352' title='bbox 1531 1783 1545 1802; x_wconf 90' lang='lat' dir='ltr'>a</span> <span class='ocrx_word' id='word_1_353' title='bbox 1565 1775 1666 1810; x_wconf 89' lang='lat' dir='ltr'>primis</span> <span class='ocrx_word' id='word_1_354' title='bbox 1691 1773 1735 1802; x_wconf 85' lang='lat' dir='ltr'>in·</span> 
     </span>
     <span class='ocr_line' id='line_1_33' title="bbox 209 1825 1736 1864; baseline -0.001 -9"><span class='ocrx_word' id='word_1_355' title='bbox 209 1825 403 1855; x_wconf 84' lang='lat' dir='ltr'>dicationibus</span> <span class='ocrx_word' id='word_1_356' title='bbox 426 1833 454 1855; x_wconf 86' lang='lat' dir='ltr'>et</span> <span class='ocrx_word' id='word_1_357' title='bbox 471 1827 648 1863; x_wconf 83' lang='lat' dir='ltr'>generalibus</span> <span class='ocrx_word' id='word_1_358' title='bbox 670 1828 865 1864; x_wconf 75' lang='lat' dir='ltr'>incipiendum</span> <span class='ocrx_word' id='word_1_359' title='bbox 887 1836 967 1859; x_wconf 85' lang='lat' dir='ltr'>esse,</span> <span class='ocrx_word' id='word_1_360' title='bbox 989 1827 1014 1856; x_wconf 91' lang='lat' dir='ltr'>si</span> <span class='ocrx_word' id='word_1_361' title='bbox 1036 1827 1107 1856; x_wconf 87' lang='lat' dir='ltr'>bene</span> <span class='ocrx_word' id='word_1_362' title='bbox 1129 1827 1299 1856; x_wconf 85' lang='lat' dir='ltr'>methodum</span> <span class='ocrx_word' id='word_1_363' title='bbox 1318 1826 1436 1855; x_wconf 87' lang='lat' dir='ltr'>curandi</span> <span class='ocrx_word' id='word_1_364' title='bbox 1461 1825 1610 1854; x_wconf 75' lang='lat' dir='ltr'>instituere</span> <span class='ocrx_word' id='word_1_365' title='bbox 1634 1826 1736 1863; x_wconf 48' lang='lat' dir='ltr'>volae-¹</span> 
     </span>
     <span class='ocr_line' id='line_1_34' title="bbox 210 1877 1733 1916; baseline -0.001 -10"><span class='ocrx_word' id='word_1_366' title='bbox 210 1877 270 1911; x_wconf 81' lang='lat' dir='ltr'>ris,</span> <span class='ocrx_word' id='word_1_367' title='bbox 299 1884 384 1913; x_wconf 88' lang='lat' dir='ltr'>atque</span> <span class='ocrx_word' id='word_1_368' title='bbox 405 1886 437 1906; x_wconf 85' lang='lat' dir='ltr'>cx</span> <span class='ocrx_word' id='word_1_369' title='bbox 466 1878 545 1914; x_wconf 89' lang='lat' dir='ltr'>illis,</span> <span class='ocrx_word' id='word_1_370' title='bbox 576 1888 649 1915; x_wconf 87' lang='lat' dir='ltr'>quae</span> <span class='ocrx_word' id='word_1_371' title='bbox 678 1879 829 1916; x_wconf 79' lang='lat' dir='ltr'>generatim</span> <span class='ocrx_word' id='word_1_372' title='bbox 857 1879 932 1908; x_wconf 85' lang='lat' dir='ltr'>dicta</span> <span class='ocrx_word' id='word_1_373' title='bbox 962 1886 989 1908; x_wconf 90' lang='lat' dir='ltr'>et</span> <span class='ocrx_word' id='word_1_374' title='bbox 1022 1880 1096 1908; x_wconf 87' lang='lat' dir='ltr'>clare</span> <span class='ocrx_word' id='word_1_375' title='bbox 1120 1878 1260 1916; x_wconf 73' lang='lat' dir='ltr'>patefacta</span> <span class='ocrx_word' id='word_1_376' title='bbox 1291 1878 1367 1913; x_wconf 82' lang='lat' dir='ltr'>sint,</span> <span class='ocrx_word' id='word_1_377' title='bbox 1399 1877 1566 1906; x_wconf 80' lang='lat' dir='ltr'>invenienda</span> <span class='ocrx_word' id='word_1_378' title='bbox 1598 1886 1660 1905; x_wconf 86' lang='lat' dir='ltr'>csse</span> <span class='ocrx_word' id='word_1_379' title='bbox 1682 1885 1733 1912; x_wconf 85' lang='lat' dir='ltr'>ea,</span> 
     </span>
     <span class='ocr_line' id='line_1_35' title="bbox 213 1926 1736 1966; baseline 0 -10"><span class='ocrx_word' id='word_1_380' title='bbox 213 1936 286 1963; x_wconf 90' lang='lat' dir='ltr'>quae</span> <span class='ocrx_word' id='word_1_381' title='bbox 315 1929 463 1964; x_wconf 84' lang='lat' dir='ltr'>speciatim</span> <span class='ocrx_word' id='word_1_382' title='bbox 495 1931 619 1959; x_wconf 86' lang='lat' dir='ltr'>valeant.</span> <span class='ocrx_word' id='word_1_383' title='bbox 660 1930 778 1959; x_wconf 81' lang='lat' dir='ltr'>Illorum</span> <span class='ocrx_word' id='word_1_384' title='bbox 808 1932 962 1961; x_wconf 87' lang='lat' dir='ltr'>methodus</span> <span class='ocrx_word' id='word_1_385' title='bbox 993 1931 1120 1960; x_wconf 82' lang='lat' dir='ltr'>medendi</span> <span class='ocrx_word' id='word_1_386' title='bbox 1145 1930 1173 1959; x_wconf 87' lang='lat' dir='ltr'>iu</span> <span class='ocrx_word' id='word_1_387' title='bbox 1209 1938 1308 1966; x_wconf 82' lang='lat' dir='ltr'>genere</span> <span class='ocrx_word' id='word_1_388' title='bbox 1333 1928 1455 1964; x_wconf 75' lang='lat' dir='ltr'>simplex</span> <span class='ocrx_word' id='word_1_389' title='bbox 1484 1936 1568 1964; x_wconf 84' lang='lat' dir='ltr'>erat,</span> <span class='ocrx_word' id='word_1_390' title='bbox 1598 1936 1683 1964; x_wconf 87' lang='lat' dir='ltr'>quam</span> <span class='ocrx_word' id='word_1_391' title='bbox 1709 1926 1736 1956; x_wconf 83' lang='lat' dir='ltr'>si</span> 
     </span>
     <span class='ocr_line' id='line_1_36' title="bbox 214 1978 1736 2022; baseline 0.001 -15"><span class='ocrx_word' id='word_1_392' title='bbox 214 1978 315 2008; x_wconf 79' lang='lat' dir='ltr'>melius</span> <span class='ocrx_word' id='word_1_393' title='bbox 336 1980 478 2016; x_wconf 78' lang='lat' dir='ltr'>explorati</span> <span class='ocrx_word' id='word_1_394' title='bbox 499 1980 656 2011; x_wconf 82' lang='lat' dir='ltr'>fuissemus</span> <span class='ocrx_word' id='word_1_395' title='bbox 682 1988 709 2012; x_wconf 85' lang='lat' dir='ltr'>et</span> <span class='ocrx_word' id='word_1_396' title='bbox 727 1983 757 2013; x_wconf 88' lang='lat' dir='ltr'>in</span> <span class='ocrx_word' id='word_1_397' title='bbox 780 1982 903 2014; x_wconf 81' lang='lat' dir='ltr'>formam</span> <span class='ocrx_word' id='word_1_398' title='bbox 924 1983 1159 2022; x_wconf 79' lang='lat' dir='ltr'>Hippocraticam</span> <span class='ocrx_word' id='word_1_399' title='bbox 1179 1982 1402 2020; x_wconf 77' lang='lat' dir='ltr'>redegisscmus,</span> <span class='ocrx_word' id='word_1_400' title='bbox 1424 1982 1515 2012; x_wconf 84' lang='lat' dir='ltr'>multo</span> <span class='ocrx_word' id='word_1_401' title='bbox 1534 1982 1652 2020; x_wconf 86' lang='lat' dir='ltr'>majores</span> <span class='ocrx_word' id='word_1_402' title='bbox 1669 1989 1736 2017; x_wconf 85' lang='lat' dir='ltr'>pro-</span> 
     </span>
    </p>

    <p class='ocr_par' dir='ltr' id='par_1_4' title="bbox 1663 2040 1740 2069">
     <span class='ocr_line' id='line_1_37' title="bbox 1663 2040 1740 2069; baseline 0 -9"><span class='ocrx_word' id='word_1_403' title='bbox 1663 2040 1740 2069; x_wconf 80' lang='lat' dir='ltr'>gres-</span> 
     </span>
    </p>
   </div>
   <div class='ocr_carea' id='block_1_3' title="bbox 1892 268 1910 1304">
    <p class='ocr_par' dir='ltr' id='par_1_5' title="bbox 1892 268 1910 1304">
     <span class='ocr_line' id='line_1_38' title="bbox 1892 268 1910 1304; baseline 0 0"><span class='ocrx_word' id='word_1_404' title='bbox 1892 268 1910 1304; x_wconf 95' lang='lat' dir='ltr'> </span> 
     </span>
    </p>
   </div>
   <div class='ocr_carea' id='block_1_4' title="bbox 1869 1194 1913 2427">
    <p class='ocr_par' dir='ltr' id='par_1_6' title="bbox 1869 1194 1913 2427">
     <span class='ocr_line' id='line_1_39' title="bbox 1869 1194 1913 2427; baseline 0 0"><span class='ocrx_word' id='word_1_405' title='bbox 1869 1194 1913 2427; x_wconf 95' lang='lat' dir='ltr'> </span> 
     </span>
    </p>
   </div>
  </div>
 </body>
</html>
