1913 2427
456 121 986 156 COMMENTATIO
1050 121 1380 155 CHEMICA.
1635 135 1677 167 27

159 215 270 246 micum
294 212 442 241 collectam
470 218 560 239 ceram
588 210 743 240 adhibeant
763 209 891 245 incolae,
915 209 995 245 quod
1019 208 1112 238 facere
1134 209 1295 240 Chinenses
1322 216 1445 241 constat.
1486 209 1534 239 Sic
1558 217 1593 239 ex
1608 209 1676 246 My-

162 267 221 297 rica
244 262 360 293 cerifera
385 270 514 299 magnam
536 269 616 290 cerae
637 261 748 297 copiam
775 261 874 296 legunt
895 260 1078 297 Americani3
1108 261 1206 290 itidem
1228 271 1290 292 cera
1322 263 1438 292 inventa
1457 268 1502 291 est
1529 261 1558 290 in
1582 261 1676 298 Myri-

157 317 204 352 cis
225 314 429 352 angustifolia,
459 312 599 348 latifolia,
627 311 776 341 cordifolia
804 311 888 350 (32)
916 320 1104 349 magnamque
1134 313 1249 352 copiam
1279 313 1385 344 detexit
1413 312 1613 344 Hamboldtt'us
1641 311 1674 342 in

157 368 281 405 pulchra
301 366 402 397 arbore
418 364 735 403 Ceroxylo-Andicola
754 363 810 401 (33
821 365 848 401 ).

532 489 545 497 -
855 468 889 505 s.
931 474 978 503 15·

189 575 299 606 Oleum
315 575 473 604 aethereum
484 595 494 610 ,
517 572 585 603 olim
602 581 696 602 aroma
709 571 819 601 dictum
830 592 839 607 ,
862 570 985 599 habetui=
998 569 1027 600 in
1042 570 1196 607 quibusvis
1212 572 1374 609 plautatum
1402 571 1554 609 partibus,
1576 571 1606 601 in
1625 578 1672 600 sea

155 628 306 663 minibus,
335 627 480 664 capsulis,
506 625 685 660 corticibus,
713 624 812 659 foliis,
841 622 1009 658 radicibus,
1038 622 1180 659 peti01is,
1210 624 1310 660 lignis.
1356 624 1422 653 Hoc
1448 631 1544 653 carent
1576 625 1675 660 plagae

153 689 243 716 -quam
262 680 382 708 maxime
397 678 544 712 Boreales‚
566 676 670 705 habent
691 677 721 704 id
736 681 904 711 temperatae
917 694 927 709 ,
951 682 1044 711 eoque
1058 675 1204 704 abundant
1221 676 1427 705 calidissimae:
1451 677 1481 705 in
1503 681 1602 704 nostra
1622 683 1673 711 pa-

151 731 210 760 rtria
237 732 308 759 laete
330 736 466 759 crescunt
493 728 630 757 Menthae
659 734 686 756 et
711 727 816 763 Crispa
837 733 864 755 et
886 726 1025 763 Peperitis
1041 749 1053 763 ,
1080 726 1268 757 Foenicuium
1295 729 1464 766 origanum,
1492 728 1675 764 Hyssopus,

153 781 293 816 Melissa,
314 783 443 818 aliaeque
461 782 574 818 plantae
594 779 780 816 aromaticae3
802 787 900 807 verum
923 785 1058 815 constat,
1080 779 1110 808 in
1130 780 1230 815 terris,
1259 789 1330 816 quas
1351 781 1396 809 sol
1423 781 1593 814 collustrat,
1613 779 1676 815 ple·

152 834 202 863 nis
217 834 322 870 radiis,
343 835 454 870 plantas
472 833 724 868 secer11e1·e;01eum
745 831 904 859 aethereum
928 831 1076 867 gravitatis
1098 832 1234 868 majoris,
1257 832 1355 861 odoris
1378 830 1530 866 fortioris,
1559 829 1673 866 saporis

149 885 289 921 acrioris,
305 887 403 922 quales
419 891 570 914 secernunt
585 883 687 913 Citrus
705 883 810 912 medica
824 889 852 911 et
867 883 1039 918 Orantium,
1058 883 1279 912 cinnamomum
1289 904 1299 919 ,
1318 882 1556 920 Caryophillata,
1571 880 1675 910 Cumi-

152 944 223 966 num
253 937 419 973 cynimum,
447 937 622 971 Culilaban,
652 936 794 973 Cajeput,
822 935 1043 971 innumeraeque
1064 935 1133 964 aliae
1153 944 1224 972 quas
1248 942 1369 971 utraque
1385 934 1483 970 India,
1511 939 1676 968 cunctaque

155 989 349 1018 meridionalis
367 989 444 1025 regio
460 988 576 1018 Africae
593 994 620 1016 et
636 988 782 1017 Americae
800 988 965 1024 proferunt.
1005 986 1083 1015 Hinc
1098 987 1198 1015 harum
1213 987 1360 1015 fructuum
1371 1007 1382 1022 ,
1403 985 1544 1015 seminum
1555 1005 1566 1020 ,
1587 984 1675 1013 corti-

152 1047 221 1068 cum
247 1039 323 1068 vires
345 1039 521 1074 reficientes,
542 1038 763 1073 calefacientes,
785 1038 937 1067 incitantes
961 1037 1198 1074 proficiscuntur.
1238 1037 1273 1067 In
1291 1036 1479 1066 calidion'bus
1503 1034 1674 1072 regionibus

151 1091 281 1120 nascitur
300 1091 384 1120 eciam
408 1090 594 1127 Camphora,
615 1098 682 1119 cum
704 1089 774 1119 oleis
796 1090 933 1118 aethereis
957 1089 1028 1118 satis
1052 1089 1249 1124 conveniens,
1278 1094 1420 1125 attamen,
1450 1087 1570 1115 docente
1592 1086 1675 1114 Neu-

149 1151 275 1177 manno,
303 1143 337 1171 ab
363 1142 398 1172 iis
421 1150 514 1171 revera
538 1142 657 1170 diversa.
697 1141 871 1170 Producitur
892 1149 907 1169 a
932 1139 1057 1176 Lauris,
1085 1146 1119 1168 ut
1145 1139 1339 1169 Cinnamomo
1369 1138 1564 1173 Sumatrensi,
1593 1145 1675 1174 prae·

151 1194 255 1231 primis
278 1194 460 1230 Camphora,
482 1193 511 1221 in
531 1192 611 1221 India
635 1191 774 1220 Orientali
797 1190 959 1226 frequente.
998 1191 1134 1221 Attamen
1153 1198 1182 1221 et
1204 1199 1291 1228 parva
1310 1191 1400 1228 huJus
1433 1189 1564 1219 materiae
1586 1187 1672 1224 copia

153 1244 230 1274 inest
251 1245 280 1274 in
293 1245 364 1274 oleis
384 1244 521 1274 aethereis
550 1244 713 1280 plantarum
746 1242 920 1270 diversarum
953 1242 1103 1279 regionum
1128 1242 1170 1271 sic
1202 1251 1225 1272 e.
1248 1250 1291 1279 gr.
1320 1242 1352 1271 in
1374 1242 1429 1277 iis,
1459 1249 1532 1277 quas
1562 1239 1675 1276 profert

152 1296 247 1332 patria
268 1296 371 1331 tellus,
398 1295 519 1324 Mentha
540 1293 699 1330 Peperitide
714 1313 724 1328 ‚
754 1292 882 1328 Origano
901 1291 1050 1329 Majorana
1065 1314 1076 1329 ,
1106 1293 1207 1323 Salvea
1231 1293 1375 1322 Officinali
1389 1314 1400 1329 ,
1426 1292 1469 1322 sic
1488 1298 1516 1321 et
1538 1290 1568 1320 in
1590 1289 1674 1320 Oleis

151 1346 336 1376 Cardamomi
355 1346 558 1381 CeilonensiS,
579 1343 743 1382 Zingiberis
766 1343 939 1380 Orientalis,
961 1350 988 1373 et
1012 1345 1103 1374 Lauri
1124 1346 1243 1375 Cassiae
1265 1345 1377 1375 indicae
1395 1345 1491 1382 (34).

189 1399 225 1428 In
244 1408 302 1436 qua
317 1400 431 1429 ratione
452 1399 590 1436 butyrum
611 1396 769 1433 vegetabile
793 1402 821 1424 et
840 1403 904 1424 cera
927 1403 998 1425 sunt
1021 1397 1056 1426 ad
1076 1397 1138 1426 olea
1155 1395 1230 1433 fixa,
1255 1397 1285 1426 in
1302 1406 1332 1425 ea
1350 1402 1394 1426 est
1413 1395 1521 1424 Resina
1546 1394 1581 1422 ad
1604 1393 1668 1423 olea

152 1451 298 1486 aetherea,
319 1451 354 1480 ab
377 1451 422 1480 his
444 1458 504 1479 non
528 1449 584 1479 nisi
600 1447 730 1486 pauxillo
752 1448 896 1484 oxygenio
919 1446 1029 1476 diversa
1079 1445 1124 1476 Ut
1144 1447 1212 1476 haec
1233 1455 1301 1476 vero
1320 1447 1480 1483 gignuntur
1500 1443 1625 1480 plurima
1642 1448 1672 1472 et

154 1501 352 1532 efficacissima
373 1502 405 1530 in
423 1501 526 1536 terris,
553 1508 628 1536 quae
647 1499 738 1528 lucem
760 1498 943 1527 efficaciorem
972 1497 1179 1534 experiuntur,
1206 1498 1246 1527 ita
1277 1497 1370 1526 resina
1395 1494 1576 1533 praeprimis.
1616 1492 1670 1522 Vi-

153 1553 238 1582 detur
255 1559 349 1581 autem
370 1552 462 1581 resina
483 1550 650 1588 vegetabilis
670 1550 798 1579 materies
821 1557 906 1585 qnam
932 1549 1053 1578 maxime
1077 1549 1235 1585 elaborata3
1256 1555 1344 1584 quare
1367 1554 1428 1576 non
1448 1544 1592 1574 invenitur
1611 1543 1670 1573 nisi

155 1603 188 1633 in
206 1603 242 1632 iis
265 1604 467 1641 vegetabilium
491 1602 625 1640 organis,
646 1610 720 1639 quae
739 1602 875 1630 humores
891 1601 1040 1637 accipiunt
1058 1609 1111 1637 per
1130 1606 1246 1630 vastum
1266 1606 1401 1628 vasorum
1423 1603 1452 1626 et
1474 1596 1671 1634 glandularum

156 1663 307 1685 numerum
333 1656 390 1692 jam
416 1655 619 1690 circumlatos3
641 1653 712 1682 folia
733 1659 802 1681 sunt
822 1658 850 1681 et
873 1653 1016 1689 cortices,
1038 1660 1111 1689 quae
1133 1651 1252 1681 resinam
1275 1655 1394 1686 parent;
1422 1648 1466 1678 sic
1496 1644 1670 1682 Mastychen

155 1704 278 1735 Pistacia
293 1706 469 1743 Lentiscus,
494 1707 578 1736 arbor
597 1706 756 1735 insularum
773 1705 978 1742 Archipelagi,
999 1703 1112 1738 Elemi,
1134 1702 1251 1740 Amyris
1268 1701 1441 1736 Elemifera,
1466 1698 1550 1728 arbor
1570 1696 1673 1725 Orien-

155 1756 243 1794 talis,
261 1757 539 1795 Quimen-resinam
558 1757 720 1795 Hymenaea
739 1756 894 1787 Courbaril
922 1757 1016 1787 incola
1041 1754 1188 1786 Americae
1215 1753 1384 1790 Australis,
1409 1748 1672 1783 Tacama-hacan,

1620 1798 1673 1829 Fa-

183 1887 251 1917 (μ)
267 1889 347 1912 now.
360 1891 389 1912 L.
402 1891 432 1914 ι.
447 1897 471 1918 p.
487 1892 536 1914 1⁸2.
566 1890 676 1918 neaera,
691 1891 718 1914 L.
736 1891 763 1914 L.
778 1895 801 1918 p.
813 1894 865 1916 241.
895 1888 990 1911 σήπει,
1004 1887 1030 1910 L.
1044 1888 1071 1910 L.
1087 1894 1111 1916 p.
1124 1887 1160 1913 ³8·

187 1929 252 1957 (33)
268 1931 352 1952 Pla-m
365 1931 528 1960 lquinoxialn,
545 1938 584 1959 pn
597 1933 708 1956 Humboldn
721 1937 743 1954 et
755 1931 875 1959 Baptana,
891 1932 959 1953 Tom.
971 1929 1084 1953 Premler,
1101 1928 1162 1951 rans
1177 1928 1238 1952 1808.
1253 1934 1276 1956 p.
1289 1926 1363 1953 5-1.

187 1970 254 1999 (3ο)
270 1973 346 1995 nm.
363 1980 387 2001 p.
402 1979 450 2002 ¹9³.
480 1974 590 2001 rhama.
603 1973 632 1998 ι.
643 1974 673 1998 ι.
687 1980 714 2003 p.
728 1979 779 2003 ομ.
809 1972 902 1997 err-101.
919 1979 943 2001 p.
957 1977 993 1998 ³5.
1024 1971 1148 1999 mlum.
1161 1968 1190 1996 1..
1201 1969 1229 1994 1..
1243 1976 1269 1999 p.
1283 1974 1336 1997 ³04.

953 2012 981 2043 D
1001 2020 1020 2043 ι,
