<?xml version="1.0" encoding="UTF-8"?>
<!DOCTYPE html PUBLIC "-//W3C//DTD XHTML 1.0 Transitional//EN"
    "http://www.w3.org/TR/xhtml1/DTD/xhtml1-transitional.dtd">
<html xmlns="http://www.w3.org/1999/xhtml" xml:lang="en" lang="en">
 <head>
  <title>
</title>
<meta http-equiv="Content-Type" content="text/html;charset=utf-8" />
  <meta name='ocr-system' content='tesseract 3.04.00' />
  <meta name='ocr-capabilities' content='ocr_page ocr_carea ocr_par ocr_line ocrx_word'/>
</head>
<body>
  <div class='ocr_page' id='page_1' title='image "annalesacademiae17rijk_0166.png"; bbox 0 0 1913 2427; ppageno 0'>
   <div class='ocr_carea' id='block_1_1' title="bbox 333 132 1390 184">
    <p class='ocr_par' dir='ltr' id='par_1_1' title="bbox 333 132 1390 184">
     <span class='ocr_line' id='line_1_1' title="bbox 333 132 1390 184; baseline -0.004 -11"><span class='ocrx_word' id='word_1_1' title='bbox 333 139 354 177; x_wconf 68' lang='lat'>5</span> <span class='ocrx_word' id='word_1_2' title='bbox 727 132 1390 184; x_wconf 67' lang='lat' dir='ltr'><em>PROGRAMMA.</em></span> 
     </span>
    </p>
   </div>
   <div class='ocr_carea' id='block_1_2' title="bbox 931 265 1227 300">
    <p class='ocr_par' dir='ltr' id='par_1_2' title="bbox 931 265 1227 300">
     <span class='ocr_line' id='line_1_2' title="bbox 931 265 1227 300; baseline 0 0"><span class='ocrx_word' id='word_1_3' title='bbox 931 267 960 300; x_wconf 92' lang='lat' dir='ltr'><strong>E</strong></span> <span class='ocrx_word' id='word_1_4' title='bbox 1005 265 1227 300; x_wconf 80' lang='lat' dir='ltr'><strong>cHEMIA.</strong></span> 
     </span>
    </p>
   </div>
   <div class='ocr_carea' id='block_1_3' title="bbox 383 377 1802 423">
    <p class='ocr_par' dir='ltr' id='par_1_3' title="bbox 383 377 1802 423">
     <span class='ocr_line' id='line_1_3' title="bbox 383 377 1802 423; baseline -0.002 -8"><span class='ocrx_word' id='word_1_5' title='bbox 383 382 447 415; x_wconf 83' lang='lat' dir='ltr'>Per</span> <span class='ocrx_word' id='word_1_6' title='bbox 471 379 629 423; x_wconf 69' lang='lat' dir='ltr'>Analysin</span> <span class='ocrx_word' id='word_1_7' title='bbox 653 379 904 414; x_wconf 77' lang='lat' dir='ltr'><em>determinentur</em></span> <span class='ocrx_word' id='word_1_8' title='bbox 918 380 1105 423; x_wconf 74' lang='lat' dir='ltr'>principia,</span> <span class='ocrx_word' id='word_1_9' title='bbox 1129 389 1198 411; x_wconf 86' lang='lat' dir='ltr'>cum</span> <span class='ocrx_word' id='word_1_10' title='bbox 1218 377 1392 420; x_wconf 80' lang='lat' dir='ltr'>proxima,</span> <span class='ocrx_word' id='word_1_11' title='bbox 1417 385 1484 411; x_wconf 83' lang='lat' dir='ltr'>tum</span> <span class='ocrx_word' id='word_1_12' title='bbox 1506 386 1648 420; x_wconf 79' lang='lat' dir='ltr'>remota,</span> <span class='ocrx_word' id='word_1_13' title='bbox 1670 380 1802 412; x_wconf 80' lang='lat' dir='ltr'><em>duorum</em></span> 
     </span>
    </p>
   </div>
   <div class='ocr_carea' id='block_1_4' title="bbox 340 441 1805 539">
    <p class='ocr_par' dir='ltr' id='par_1_4' title="bbox 340 441 1805 539">
     <span class='ocr_line' id='line_1_4' title="bbox 340 441 1805 484; baseline -0.001 -9"><span class='ocrx_word' id='word_1_14' title='bbox 340 449 500 483; x_wconf 79' lang='lat' dir='ltr'>corporum</span> <span class='ocrx_word' id='word_1_15' title='bbox 525 442 768 484; x_wconf 71' lang='lat' dir='ltr'><em>vegetabilium,</em></span> <span class='ocrx_word' id='word_1_16' title='bbox 793 451 925 483; x_wconf 86' lang='lat' dir='ltr'><em>quorum</em></span> <span class='ocrx_word' id='word_1_17' title='bbox 953 441 1092 475; x_wconf 80' lang='lat' dir='ltr'>alterum</span> <span class='ocrx_word' id='word_1_18' title='bbox 1119 451 1160 473; x_wconf 78' lang='lat' dir='ltr'>ex</span> <span class='ocrx_word' id='word_1_19' title='bbox 1194 441 1336 474; x_wconf 76' lang='lat' dir='ltr'>materia</span> <span class='ocrx_word' id='word_1_20' title='bbox 1361 441 1568 478; x_wconf 67' lang='lat' dir='ltr'>numeraturi,</span> <span class='ocrx_word' id='word_1_21' title='bbox 1601 443 1740 475; x_wconf 81' lang='lat' dir='ltr'><em>alterum</em></span> <span class='ocrx_word' id='word_1_22' title='bbox 1763 451 1805 474; x_wconf 76' lang='lat' dir='ltr'>ex</span> 
     </span>
     <span class='ocr_line' id='line_1_5' title="bbox 341 504 956 539; baseline 0.003 -3"><span class='ocrx_word' id='word_1_23' title='bbox 341 504 483 539; x_wconf 77' lang='lat' dir='ltr'>materia</span> <span class='ocrx_word' id='word_1_24' title='bbox 511 505 631 537; x_wconf 80' lang='lat' dir='ltr'>medica</span> <span class='ocrx_word' id='word_1_25' title='bbox 654 511 700 537; x_wconf 81' lang='lat' dir='ltr'>est</span> <span class='ocrx_word' id='word_1_26' title='bbox 726 504 956 538; x_wconf 81' lang='lat' dir='ltr'><em>desumendum.</em></span> 
     </span>
    </p>
   </div>
   <div class='ocr_carea' id='block_1_5' title="bbox 345 612 1810 1092">
    <p class='ocr_par' dir='ltr' id='par_1_5' title="bbox 345 612 1810 970">
     <span class='ocr_line' id='line_1_6' title="bbox 391 612 1808 656; baseline -0.001 -6"><span class='ocrx_word' id='word_1_27' title='bbox 391 615 696 655; x_wconf 74' lang='lat' dir='ltr'>commentationes,</span> <span class='ocrx_word' id='word_1_28' title='bbox 716 616 828 648; x_wconf 88' lang='lat' dir='ltr'>Latina</span> <span class='ocrx_word' id='word_1_29' title='bbox 846 624 961 648; x_wconf 84' lang='lat' dir='ltr'>tantum</span> <span class='ocrx_word' id='word_1_30' title='bbox 988 617 1128 649; x_wconf 80' lang='lat' dir='ltr'>oratione</span> <span class='ocrx_word' id='word_1_31' title='bbox 1148 612 1375 653; x_wconf 82' lang='lat' dir='ltr'>conficiendae,</span> <span class='ocrx_word' id='word_1_32' title='bbox 1392 623 1424 646; x_wconf 90' lang='lat' dir='ltr'>et</span> <span class='ocrx_word' id='word_1_33' title='bbox 1447 614 1507 647; x_wconf 84' lang='lat' dir='ltr'>alia</span> <span class='ocrx_word' id='word_1_34' title='bbox 1531 616 1621 656; x_wconf 83' lang='lat' dir='ltr'>quam</span> <span class='ocrx_word' id='word_1_35' title='bbox 1644 624 1808 650; x_wconf 79' lang='lat' dir='ltr'>auctorum</span> 
     </span>
     <span class='ocr_line' id='line_1_7' title="bbox 348 676 1808 718; baseline -0.003 -6"><span class='ocrx_word' id='word_1_36' title='bbox 348 689 438 712; x_wconf 86' lang='lat' dir='ltr'>manu</span> <span class='ocrx_word' id='word_1_37' title='bbox 474 679 714 717; x_wconf 85' lang='lat' dir='ltr'>describendae,</span> <span class='ocrx_word' id='word_1_38' title='bbox 745 687 814 710; x_wconf 87' lang='lat' dir='ltr'>ante</span> <span class='ocrx_word' id='word_1_39' title='bbox 847 678 928 709; x_wconf 88' lang='lat' dir='ltr'>diem</span> <span class='ocrx_word' id='word_1_40' title='bbox 957 687 969 710; x_wconf 91' lang='lat'>1</span> <span class='ocrx_word' id='word_1_41' title='bbox 996 677 1186 711; x_wconf 88' lang='lat' dir='ltr'>Novembris</span> <span class='ocrx_word' id='word_1_42' title='bbox 1210 676 1301 718; x_wconf 82' lang='lat' dir='ltr'>hujus</span> <span class='ocrx_word' id='word_1_43' title='bbox 1331 678 1402 708; x_wconf 83' lang='lat' dir='ltr'>anni</span> <span class='ocrx_word' id='word_1_44' title='bbox 1437 679 1601 709; x_wconf 85' lang='lat' dir='ltr'>mittuntor</span> <span class='ocrx_word' id='word_1_45' title='bbox 1627 677 1664 709; x_wconf 87' lang='lat' dir='ltr'>ad</span> <span class='ocrx_word' id='word_1_46' title='bbox 1700 677 1808 709; x_wconf 85' lang='lat' dir='ltr'>Virum</span> 
     </span>
     <span class='ocr_line' id='line_1_8' title="bbox 345 739 1810 778; baseline -0.003 -3"><span class='ocrx_word' id='word_1_47' title='bbox 345 743 559 776; x_wconf 84' lang='lat' dir='ltr'>Clarissimum</span> <span class='ocrx_word' id='word_1_48' title='bbox 600 752 631 774; x_wconf 90' lang='lat' dir='ltr'>c.</span> <span class='ocrx_word' id='word_1_49' title='bbox 657 751 836 778; x_wconf 73' lang='lat' dir='ltr'><strong>EKAMA,</strong></span> <span class='ocrx_word' id='word_1_50' title='bbox 868 739 1054 772; x_wconf 88' lang='lat' dir='ltr'>Academiae</span> <span class='ocrx_word' id='word_1_51' title='bbox 1088 741 1272 772; x_wconf 78' lang='lat' dir='ltr'>Actum-ium</span> <span class='ocrx_word' id='word_1_52' title='bbox 1292 761 1303 777; x_wconf 92' lang='lat'>‚</span> <span class='ocrx_word' id='word_1_53' title='bbox 1332 741 1374 771; x_wconf 82' lang='lat' dir='ltr'>ita</span> <span class='ocrx_word' id='word_1_54' title='bbox 1412 748 1447 771; x_wconf 91' lang='lat' dir='ltr'>ut</span> <span class='ocrx_word' id='word_1_55' title='bbox 1484 740 1580 772; x_wconf 85' lang='lat' dir='ltr'>nullis</span> <span class='ocrx_word' id='word_1_56' title='bbox 1610 741 1648 772; x_wconf 89' lang='lat' dir='ltr'>ab</span> <span class='ocrx_word' id='word_1_57' title='bbox 1687 740 1810 774; x_wconf 81' lang='lat' dir='ltr'>Acade·</span> 
     </span>
     <span class='ocr_line' id='line_1_9' title="bbox 351 801 1810 846; baseline -0.003 -9"><span class='ocrx_word' id='word_1_58' title='bbox 351 807 429 837; x_wconf 87' lang='lat' dir='ltr'>miae</span> <span class='ocrx_word' id='word_1_59' title='bbox 456 814 546 846; x_wconf 83' lang='lat' dir='ltr'>parte</span> <span class='ocrx_word' id='word_1_60' title='bbox 571 803 719 836; x_wconf 83' lang='lat' dir='ltr'>faciendis</span> <span class='ocrx_word' id='word_1_61' title='bbox 745 802 888 842; x_wconf 87' lang='lat' dir='ltr'>expensis</span> <span class='ocrx_word' id='word_1_62' title='bbox 920 801 1010 833; x_wconf 87' lang='lat' dir='ltr'>detur</span> <span class='ocrx_word' id='word_1_63' title='bbox 1035 802 1136 834; x_wconf 87' lang='lat' dir='ltr'>locus.</span> <span class='ocrx_word' id='word_1_64' title='bbox 1183 801 1344 834; x_wconf 80' lang='lat' dir='ltr'>Lemmate</span> <span class='ocrx_word' id='word_1_65' title='bbox 1370 810 1472 833; x_wconf 81' lang='lat' dir='ltr'>autem</span> <span class='ocrx_word' id='word_1_66' title='bbox 1499 811 1605 833; x_wconf 75' lang='lat' dir='ltr'>omnes</span> <span class='ocrx_word' id='word_1_67' title='bbox 1637 801 1810 834; x_wconf 88' lang='lat' dir='ltr'>inscriben-</span> 
     </span>
     <span class='ocr_line' id='line_1_10' title="bbox 347 863 1810 908; baseline -0.003 -9"><span class='ocrx_word' id='word_1_68' title='bbox 347 866 421 904; x_wconf 82' lang='lat' dir='ltr'>dae,</span> <span class='ocrx_word' id='word_1_69' title='bbox 455 869 554 908; x_wconf 86' lang='lat' dir='ltr'>iisque</span> <span class='ocrx_word' id='word_1_70' title='bbox 579 864 796 907; x_wconf 84' lang='lat' dir='ltr'>&#39;adjungendae</span> <span class='ocrx_word' id='word_1_71' title='bbox 827 873 897 896; x_wconf 90' lang='lat' dir='ltr'>sunt</span> <span class='ocrx_word' id='word_1_72' title='bbox 931 863 1097 896; x_wconf 84' lang='lat' dir='ltr'>schedulae</span> <span class='ocrx_word' id='word_1_73' title='bbox 1128 864 1333 908; x_wconf 68' lang='lat' dir='ltr'>obsignatae,</span> <span class='ocrx_word' id='word_1_74' title='bbox 1352 864 1529 896; x_wconf 86' lang='lat' dir='ltr'>Auctorum</span> <span class='ocrx_word' id='word_1_75' title='bbox 1561 865 1686 896; x_wconf 83' lang='lat' dir='ltr'>nomina</span> <span class='ocrx_word' id='word_1_76' title='bbox 1706 865 1810 896; x_wconf 85' lang='lat' dir='ltr'>conti-</span> 
     </span>
     <span class='ocr_line' id='line_1_11' title="bbox 346 925 1402 970; baseline 0.001 -12"><span class='ocrx_word' id='word_1_77' title='bbox 346 937 473 966; x_wconf 87' lang='lat' dir='ltr'>nentes,</span> <span class='ocrx_word' id='word_1_78' title='bbox 497 927 669 967; x_wconf 81' lang='lat' dir='ltr'>eodemque</span> <span class='ocrx_word' id='word_1_79' title='bbox 702 928 732 957; x_wconf 91' lang='lat' dir='ltr'>in</span> <span class='ocrx_word' id='word_1_80' title='bbox 759 928 913 957; x_wconf 81' lang='lat' dir='ltr'>exteriore</span> <span class='ocrx_word' id='word_1_81' title='bbox 936 935 1023 966; x_wconf 86' lang='lat' dir='ltr'>parte</span> <span class='ocrx_word' id='word_1_82' title='bbox 1057 925 1198 956; x_wconf 81' lang='lat' dir='ltr'>lemmate</span> <span class='ocrx_word' id='word_1_83' title='bbox 1230 928 1402 970; x_wconf 84' lang='lat' dir='ltr'>insignitae.</span> 
     </span>
    </p>

    <p class='ocr_par' dir='ltr' id='par_1_6' title="bbox 348 987 1809 1092">
     <span class='ocr_line' id='line_1_12' title="bbox 391 987 1809 1031; baseline -0.001 -11"><span class='ocrx_word' id='word_1_84' title='bbox 391 988 544 1020; x_wconf 84' lang='lat' dir='ltr'>Universa</span> <span class='ocrx_word' id='word_1_85' title='bbox 569 997 645 1019; x_wconf 88' lang='lat' dir='ltr'>vero</span> <span class='ocrx_word' id='word_1_86' title='bbox 671 988 913 1020; x_wconf 80' lang='lat' dir='ltr'>concertationis</span> <span class='ocrx_word' id='word_1_87' title='bbox 939 987 1089 1018; x_wconf 74' lang='lat' dir='ltr'>ineundae</span> <span class='ocrx_word' id='word_1_88' title='bbox 1124 995 1155 1018; x_wconf 89' lang='lat' dir='ltr'>et</span> <span class='ocrx_word' id='word_1_89' title='bbox 1183 987 1398 1029; x_wconf 83' lang='lat' dir='ltr'>dijudicandae</span> <span class='ocrx_word' id='word_1_90' title='bbox 1422 989 1502 1020; x_wconf 87' lang='lat' dir='ltr'>ratio</span> <span class='ocrx_word' id='word_1_91' title='bbox 1527 989 1677 1031; x_wconf 86' lang='lat' dir='ltr'>cognosci</span> <span class='ocrx_word' id='word_1_92' title='bbox 1701 995 1809 1030; x_wconf 80' lang='lat' dir='ltr'>potest</span> 
     </span>
     <span class='ocr_line' id='line_1_13' title="bbox 348 1049 1264 1092; baseline -0.002 -9"><span class='ocrx_word' id='word_1_93' title='bbox 348 1059 388 1090; x_wconf 73' lang='lat' dir='ltr'>ex</span> <span class='ocrx_word' id='word_1_94' title='bbox 414 1049 555 1083; x_wconf 87' lang='lat' dir='ltr'>Decreto</span> <span class='ocrx_word' id='word_1_95' title='bbox 572 1049 692 1092; x_wconf 61' lang='lat' dir='ltr'>Regis,</span> <span class='ocrx_word' id='word_1_96' title='bbox 718 1059 808 1092; x_wconf 87' lang='lat' dir='ltr'>supra</span> <span class='ocrx_word' id='word_1_97' title='bbox 837 1050 946 1087; x_wconf 88' lang='lat' dir='ltr'>dicto,</span> <span class='ocrx_word' id='word_1_98' title='bbox 970 1051 1039 1081; x_wconf 87' lang='lat' dir='ltr'>Art.</span> <span class='ocrx_word' id='word_1_99' title='bbox 1061 1057 1264 1090; x_wconf 68' lang='lat' dir='ltr'>nos-213,</span> 
     </span>
    </p>
   </div>
   <div class='ocr_carea' id='block_1_6' title="bbox 1686 1996 1819 2030">
    <p class='ocr_par' dir='ltr' id='par_1_7' title="bbox 1686 1996 1819 2030">
     <span class='ocr_line' id='line_1_14' title="bbox 1686 1996 1819 2030; baseline 0.015 -2"><span class='ocrx_word' id='word_1_100' title='bbox 1686 1996 1819 2030; x_wconf 72' lang='lat' dir='ltr'>SERIES</span> 
     </span>
    </p>
   </div>
  </div>
 </body>
</html>
