1913 2427
398 158 878 203 DtssERTATIO
945 158 1350 196 LITERARIA.
1595 169 1630 196 ιι

118 256 213 288 gestae
231 239 409 284 temporibus
432 247 556 282 idoneo,
578 253 606 276 st
621 248 732 276 tandem
750 255 883 276 versuum
900 250 1108 286 compositione.
1138 247 1311 286 (Veteribus
1328 247 1496 285 Jamotcom
1514 258 1627 279 carmen

118 301 237 330 maxime
256 298 405 336 placebat,
427 306 506 334 quo,
527 298 557 327 in
580 299 664 327 rebus
680 297 856 335 gravissimis
880 299 1108 335 pertractandis,
1129 309 1213 336 saepe
1236 300 1321 329 inviti
1344 300 1508 329 utebantur.
1549 302 1626 330 Nos-

113 358 159 380 ter
186 359 254 379 vero
283 358 377 378 sermo
409 357 475 377 cum
506 349 555 378 tali
579 356 667 378 metro
694 357 814 385 prorsus
839 348 878 376 sit
906 348 1017 385 impar,
1047 350 1266 386 gravissimum,
1295 351 1418 389 Epicttm
1443 359 1545 387 nempe
1565 351 1625 380 sive

115 402 270 431 Heroicum
283 423 294 437 ‚
316 401 372 430 sibi
397 401 551 430 Vondelius
570 403 690 439 elegit.)

152 453 323 489 Spectentur
343 452 442 481 deinde
464 452 493 481 in
516 459 643 482 veterum
668 453 827 490 Tragoedia
846 462 961 482 necesse
984 461 1043 483 est:
1067 454 1224 492 Prologus,
1246 454 1434 492 Episodium,
1457 453 1577 483 Exodus
1599 461 1628 482 et

114 504 278 533 Choricum.
314 503 454 541 Prologus
471 504 618 533 exordium
636 505 779 540 quoddam
796 511 874 540 erat,
896 514 956 540 quo
977 506 1162 542 Tragoediam
1179 506 1396 542 spectantibus,
1419 506 1454 533 ad
1471 505 1563 541 ipsam
1573 505 1626 542 fa-

113 555 211 584 hulam
234 554 465 591 intelligendam,
487 555 534 584 via
552 555 692 592 patefacta
716 562 768 586 est.
811 556 1002 595 Episodium‚
1023 566 1132 593 nexus,
1155 558 1214 586 sive
1230 566 1321 586 rerum
1339 557 1516 593 perturbatio
1542 565 1627 592 quae-

113 607 195 642 dam,
223 615 253 635 ea
273 607 437 643 praesertim
460 607 494 635 de
522 615 624 635 caussa
644 607 765 642 inserta,
794 614 826 635 ut
849 608 987 637 intentior
1016 615 1145 637 servetur
1173 609 1298 637 animus.
1347 608 1486 643 Exodus,
1517 608 1626 637 solutio

114 657 205 686 totius
228 656 285 692 rei,
307 665 380 693 quae
401 657 538 696 Episodio
562 658 644 694 quasi
665 658 793 695 aenigma
818 665 862 687 est
881 659 955 688 facta
975 660 991 696 (
1001 662 1054 697 5).

153 708 287 746 Inprimis
303 715 394 737 autem
412 710 628 745 requirebantur
644 713 741 740 unitas
759 713 833 747 loci,
854 713 1004 750 temporis,
1026 712 1164 746 actionis,
1187 711 1215 740 in
1232 717 1416 747 personarum
1438 709 1630 744 deniquenu÷

114 768 192 789 mero
212 761 336 796 prudens
357 761 540 797 parcimonia.
579 763 730 791 &horicum
753 772 890 798 carmen,
911 772 927 792 a
946 771 1004 798 quo
1029 762 1111 791 fonte
1132 768 1192 791 tota
1207 761 1376 798 Tragoediav
1391 761 1528 795 fluxerat,
1549 761 1629 789 vario

113 811 203 850 Metti
226 821 324 849 genere
345 813 514 848 conditum,
544 820 673 842 actorum
696 815 856 850 colloquiis
878 815 1060 843 intersectum
1085 821 1157 849 erat3
1188 813 1217 842 id
1236 820 1347 848 autem,
1377 812 1438 841 sive
1463 821 1478 841 a
1502 812 1626 849 populi,

115 863 179 893 sive
199 872 215 892 a
238 864 403 899 seniorum,
433 865 495 893 sive
518 873 533 892 a
556 866 735 894 sacerdotum
757 866 868 901 choro,
898 865 1007 894 musica
1032 871 1059 893 et
1083 865 1233 893 saltatione
1262 863 1468 892 celebrabatur.
1509 863 1638 891 Chorus.

113 905 163 943 ille
181 914 274 944 totius
301 914 414 943 fabulae
432 915 582 944 vinculum
606 922 684 951 erat,
705 915 881 944 audientium
901 916 1114 951 visentiumque
1136 916 1248 944 animos
1270 915 1327 943 leni
1347 922 1375 943 et
1395 914 1541 951 gratioso,
1563 914 1629 947 vel,

114 973 145 994 te
165 966 350 1002 postulante,
371 966 494 1002 graviori
519 967 660 1002 carmine,
690 968 726 996 ad
745 967 864 1003 majores
881 966 1001 995 affectus
1021 967 1125 995 sensim
1146 966 1312 1002 sensimque
1335 965 1538 1002 praeparando.
1579 964 1635 992 Re-

114 1025 180 1046 rum
207 1026 222 1046 a
250 1018 433 1054 principibus
459 1024 602 1054 gestarum
625 1017 707 1046 testis
732 1025 790 1046 erat
812 1024 988 1054 perpetuus-3,
1015 1018 1095 1053 quod
1117 1026 1170 1053 pro
1199 1024 1277 1046 tanta
1305 1019 1466 1052 temporum
1483 1036 1493 1051 .,
1523 1015 1632 1051 quibus

117 1068 239 1097 maxime
266 1069 342 1105 apud
370 1068 498 1098 Graecos
525 1077 570 1098 ars
597 1069 710 1098 scenica
734 1069 847 1106 viguit,
877 1069 1005 1097 libertate
1028 1076 1055 1097 et
1084 1069 1290 1105 simplicitate,
1318 1068 1399 1097 nullo
1423 1073 1509 1103 pacto
1528 1066 1631 1095 miran-

116 1120 184 1149 dum
207 1120 281 1158 (6).
330 1120 510 1155 Assiduum,
539 1120 565 1148 si
593 1120 740 1157 interiecta
769 1119 891 1148 carmina
917 1118 1117 1155 excipiamus,
1154 1118 1296 1148 factorum
1327 1119 1530 1154 dictorumque
1556 1116 1631 1146 arbi-

118 1171 208 1200 trium
231 1171 340 1208 agebat.
381 1171 549 1200 Carminum
574 1178 667 1200 autem
688 1178 851 1208 argumenta
874 1171 1059 1208 potissimum
1088 1171 1284 1208 eligebantur:
1314 1171 1376 1199 laus
1394 1170 1542 1204 Deorum,
1571 1168 1630 1197 vir-

115 1222 209 1258 tutis,
238 1222 385 1259 Heroum;
415 1224 460 1252 vel
478 1229 557 1251 antea
579 1222 721 1251 factorum
751 1228 880 1251 accurata
909 1222 1119 1256 consideratiO,
1142 1222 1275 1258 Lyricam
1296 1221 1416 1250 formam
1440 1220 1549 1248 induta.

150 1273 213 1310 Jam
237 1282 323 1309 vero,
345 1275 423 1309 quod
438 1274 591 1302 maximum
614 1273 730 1306 efficiat,
752 1273 825 1302 inter
844 1273 903 1302 veri
932 1274 1059 1302 nominis
1084 1273 1270 1302 Comoediam
1291 1279 1318 1301 et
1341 1271 1529 1308 Tragoediam
1543 1291 1552 1305 ,
1573 1270 1632 1299 dis-

112 1324 239 1360 crimen,
261 1325 476 1364 Argumentum
496 1334 559 1354 esse
576 1333 660 1354 nemo
681 1322 787 1353 infitias
810 1325 874 1353 ibit.
915 1325 1129 1363 Argumentum
1156 1323 1330 1353 Comoediae
1350 1322 1469 1351 exodum
1493 1322 1631 1357 hilarem,

114 1375 291 1412 Tragoediae
311 1375 421 1404 tristem
445 1376 571 1412 requirit.
611 1376 773 1405 Tristitiam
794 1376 823 1404 in
846 1384 944 1412 genere
964 1385 1036 1412 quae
1055 1382 1208 1410 moveant,
1230 1376 1288 1404 duo
1308 1380 1395 1409 sunt,
1417 1373 1629 1402 Misericordia

112 1435 216 1463 nempe
237 1433 263 1455 et
282 1427 401 1455 Terror.
442 1427 532 1456 Hisce
554 1427 644 1464 igitur
669 1427 902 1456 accommodetur
924 1427 953 1456 T
955 1427 1046 1463 ragica
1070 1426 1169 1455 fabula
1194 1433 1310 1454 necesse
1333 1430 1392 1453 est:
1423 1424 1502 1459 quod
1527 1430 1558 1451 ut
1580 1423 1631 1451 fie-

112 1485 170 1513 ret,
191 1477 272 1506 binas
294 1478 356 1506 vias
378 1478 552 1514 Tragoediae
573 1485 702 1514 parentes
729 1478 875 1506 invenere:
907 1479 1077 1514 περιπέτειαν
1101 1484 1128 1505 et
1144 1477 1333 1513 ἀναγνώρισινε
1361 1475 1390 1503 id
1412 1481 1473 1503 est:
1505 1484 1627 1502 commu-

112 1531 251 1558 tationem
270 1531 327 1566 (ut
347 1529 446 1558 definit
465 1529 595 1558 Aristot=
619 1530 640 1558 l.
665 1529 736 1566 cit.)
766 1534 859 1556 statos
874 1528 974 1565 felicis
997 1530 1029 1556 in
1049 1528 1197 1566 pejorem,
1227 1527 1290 1556 sive
1317 1534 1351 1554 ex
1375 1525 1450 1554 bona
1477 1525 1506 1553 in
1528 1525 1625 1554 adver-

109 1589 168 1609 sam
192 1579 338 1609 fortunam
369 1580 492 1608 subitam
521 1580 653 1614 ruinam,
681 1586 709 1607 et
733 1586 873 1617 personae
897 1585 985 1608 antea
1016 1589 1070 1607 non
1095 1580 1165 1607 satis
1185 1579 1316 1615 cognitae
1340 1578 1532 1614 agnitionem,
1555 1584 1628 1612 quae

109 1637 235 1664 metum,
258 1631 496 1666 misericordiam,
524 1631 569 1660 vel
592 1637 766 1666 utrumque,
788 1638 901 1659 movere
923 1630 1045 1665 debent,
1067 1636 1099 1659 ut
1120 1638 1154 1658 ex
1173 1629 1277 1667 Oedipo
1299 1628 1433 1664 Tyranno
1453 1633 1480 1655 et
1497 1625 1623 1655 Electra

107 1681 250 1721 Sophoch's
271 1689 364 1723 patere
385 1682 451 1717 quis
474 1682 580 1718 neget?

144 1733 354 1769 Requirebatur
378 1740 404 1761 et
431 1733 544 1762 tertium
564 1742 580 1762 a
598 1733 777 1769 Veteribus,
807 1741 908 1769 nempe
932 1733 1028 1764 πάθος.
1068 1732 1213 1761 Volebam
1240 1731 1349 1761 scilicet
1378 1739 1393 1759 a
1423 1729 1621 1766 spectantibus

105 1783 229 1813 dilucide
254 1792 359 1813 statum
390 1785 499 1813 doloris
529 1791 556 1813 et
578 1785 667 1814 videri
690 1791 718 1813 et
740 1784 888 1822 intelligi,
916 1784 946 1814 in
969 1792 1053 1820 quem
1077 1784 1232 1820 περιπέτειαι
1255 1788 1369 1819 agentes
1400 1782 1556 1819 deJecerat:
1586 1789 1621 1809 ex

1425 1841 1429 1844 ’
1560 1840 1621 1868 quo

117 1923 177 1951 ’(5)
192 1925 226 1945 D=
246 1924 308 1946 hisce
329 1927 431 1949 omnibus
454 1926 492 1948 vix
515 1926 574 1948 ullus
596 1932 608 1947 e
629 1926 813 1954 recentioribus,
835 1925 874 1954 qui
897 1927 1048 1953 conferatur,
1071 1925 1160 1953 dignior
1180 1925 1270 1947 videtur
1291 1923 1411 1949 nott-avla,
1431 1923 1458 1944 A.
1482 1921 1506 1943 P-
1526 1917 1612 1945 0111.

103 1970 118 1987 ι
132 1971 154 1987 v.
174 1970 182 1986 ι
200 1976 227 1982 -
242 1971 276 1990 sa.
1337 1966 1353 1975 -v
1595 1970 1598 1974 ·

129 2005 178 2035 (6)
193 2006 246 2030 Vid.
261 2007 354 2030 auderi.
369 2007 443 2031 Puef.
457 2007 496 2030 dt.
515 2007 601 2035 paglnl!
616 2013 630 2036 7
641 2022 651 2036 ,
669 2010 693 2032 Ι.

921 2046 984 2078 Ba.
