1913 2427
495 167 979 199 DISSERTATIO
1044 168 1317 202 MEDICA.
1621 168 1667 209 43

179 256 243 286 Nee
269 261 382 290 tamen,
411 263 483 291 quae
514 255 629 292 paginis
658 254 738 283 hisce
764 254 967 291 continentur,
997 256 1124 285 sufficere
1156 256 1373 293 existimamus,
1399 258 1508 293 quibus
1539 257 1659 287 satisfiat

145 309 296 343 omnibus,
318 307 351 335 de
367 306 493 343 quibus,
516 306 545 335 in
560 306 727 343 quaestione
746 314 761 334 a
781 305 974 335 Nobilissima
992 308 1137 336 Facultate
1153 309 1325 344 proposita,
1348 308 1450 345 agitur.
1492 309 1555 338 Nos
1578 309 1652 338 enim

141 359 289 388 tenuitatis
312 365 426 387 nostrae
448 358 518 387 satis
541 358 653 386 conscii
678 365 800 392 sumus,
830 363 862 385 ut
892 358 1032 395 ejusmodi
1056 359 1127 395 quid
1151 357 1296 396 suspicari-
1322 359 1441 389 omnino
1471 369 1530 389 non
1555 361 1655 388 audea-

143 419 231 446 mus;
254 410 305 438 sed
330 416 428 438 contra
449 411 534 445 plane
559 408 688 439 convicti
709 416 829 444 sumus,
851 409 933 445 plura
956 411 1040 439 nobis
1073 411 1190 440 deficere
1216 420 1342 446 eorums
1362 412 1469 447 quibus
1493 420 1585 440 carere
1605 411 1656 440 vix

137 470 314 499 possumus,
343 467 376 489 ut
397 461 538 498 eJ'usmodi
563 460 778 490 conscribamus
804 460 1025 497 disputationem
1043 483 1054 499 ,
1084 471 1156 499 quae
1177 471 1193 490 a
1216 463 1347 492 doctrina
1369 468 1418 492 aut
1450 463 1587 500 elegantia
1610 464 1655 491 vel

136 513 261 549 aliquam
284 512 398 540 haberet
420 512 701 542 commendatIOnem.

178 565 259 603 Quae
275 563 390 599 quidem
411 573 476 593 cum
498 565 536 593 ita
560 564 637 599 sint,
663 573 678 593 a
697 563 835 601 Judicnm
854 564 1028 594 humanitate
1053 574 1084 594 ac
1110 565 1306 596 benevolentia
1328 575 1494 603 speramus,
1516 566 1578 595 fore
1599 572 1649 602 ut,

139 617 166 646 si
187 616 260 653 ipsIs
285 615 381 644 minus
402 616 540 652 probetur
562 616 630 644 haec
653 621 752 645 nostra
774 615 1005 651 scriptiuncula,
1035 617 1212 646 immaturior
1230 617 1367 654 juvenilis
1389 617 1495 654 ingenii
1518 617 1650 652 fructus,

142 667 267 704 probent
288 668 386 696 saltem
411 667 553 696 scribendi
583 667 758 703 eonsilium,
781 675 910 704 quaeque
929 667 1072 697 hominem
1089 669 1222 706 juvenem
1244 676 1304 698 non
1325 668 1496 704 dedeceant,
1524 669 1652 697 diScendi

141 719 267 748 ardorem
287 728 319 748 ac
337 718 429 748 laudis
451 718 593 749 studium.

697 843 1078 874 TANTUM.

700 1100 720 1118 ,,
739 1080 786 1110 De
807 1081 965 1110 curatione
991 1082 1152 1111 morborum
1184 1091 1330 1121 nunquam
1357 1082 1427 1110 bene
1453 1081 1648 1120 sperandum,

739 1152 758 1168 ‚,
778 1132 834 1160 nisi
853 1132 980 1161 remedia
1001 1139 1027 1162 et
1051 1133 1242 1163 indicationes
1267 1135 1429 1163 arctissimo
1447 1134 1565 1171 foedera
1578 1141 1648 1172 pro-

732 1203 752 1220 „
770 1182 886 1212 cedam.
895 1181 914 1194 ⁵³

1263 1243 1495 1266 BAGLIVIUS.

819 1511 956 1571 ΙΙ-
