1913 2427
697 126 1078 161 οΒΛΤῙο.
1588 144 1642 179 ἹᾸ

150 227 297 269 nihilque
322 223 426 256 adhuc
449 223 661 262 tribuentem,
684 221 863 263 literarum,
885 223 1106 262 scientiarum,
1137 222 1357 256 doctrinarum
1385 232 1416 257 et
1448 226 1623 260 utilitatum

150 285 332 316 societatem
365 281 531 313 vobiscum
558 281 640 312 inire
668 291 718 311 me
741 281 931 322 patiamini,
957 281 1038 323 quin
1062 287 1093 311 et
1121 280 1221 312 multa
1251 281 1331 313 mihi
1354 283 1393 314 de
1418 285 1489 325 jure
1518 293 1623 317 vestro

149 340 347 378 concedati53
370 339 450 369 mihi
478 337 636 381 profecto,
658 338 715 381 qui
743 338 904 369 tenuitatis
932 348 1020 369 meae
1046 337 1128 369 bene
1150 339 1317 377 conscius,
1344 339 1404 371 hoc
1430 341 1544 372 ordine
1568 343 1623 373 vix

148 409 184 429 ac
211 408 252 428 ne
280 397 333 428 vix
360 396 490 439 quidem
519 395 637 438 dignus
663 394 781 426 videar.
840 394 926 426 Cum
962 406 1038 426 vero
1075 396 1109 426 in
1138 395 1252 427 studiis
1278 403 1374 439 atque
1406 397 1504 428 literis
1539 399 1620 430 nihil

146 454 318 486 humanius
356 452 426 484 fieri
453 453 571 496 possit,
593 452 656 483 nisi
687 458 723 482 ut
748 451 893 482 doctriua
919 452 1064 494 superior
1091 458 1123 483 et
1144 453 1312 496 sapientia,
1335 453 1425 484 factis
1447 461 1479 485 et
1497 456 1624 498 scriptis

127 504 300 542 latissime
322 509 496 547 celebrata,
521 509 701 540 studiosum
722 514 753 539 et
778 508 895 539 laboris
920 515 1078 540 amantem
1093 533 1101 546 ‚
1134 509 1317 548 voluntate,
1349 511 1507 551 consilio,
1531 513 1621 543 auxi-

141 566 187 598 lio
212 567 303 609 juvet
330 573 384 597 aut
414 566 568 609 adjuvet,
601 567 644 597 ita
667 573 700 597 et
726 576 806 602 vos,
841 566 908 597 Viri
939 566 1170 605 eruditissimi,
1203 577 1254 598 me
1281 567 1369 598 velut
1396 568 1544 599 laborum
1570 580 1620 600 so-

141 624 228 655 cium
255 624 431 667 recipiatis,
456 623 673 662 subveniatis,
696 622 868 654 sublevetis
897 629 927 653 et
959 624 1159 661 sustentetis,
1181 635 1242 666 pro
1268 624 1392 656 scholae
1424 632 1550 656 nostrae
1574 637 1620 657 ce·

141 679 327 711 leberrimae
363 679 618 718 necessitudine,
654 690 712 710 oro
745 686 840 722 atque
871 678 1020 714 obtestor,
1078 682 1188 711 Favete
1226 681 1305 712 mihi
1338 682 1436 723 igitur
1462 688 1492 713 et
1518 680 1635 714 amate⁸

143 747 224 774 vos,
255 747 395 779 quorum
432 737 610 775 caritatem,
641 735 918 774 benevolentiam,
961 736 1142 767 subsidium
1176 743 1208 768 et
1240 738 1434 781 praesidium
1463 738 1621 780 imploro,

140 799 236 835 atque
259 804 310 824 me
336 795 370 824 in
396 801 534 825 vestram
562 804 620 824 vos
645 793 774 836 recipite
799 792 914 831 fidem,
947 793 1067 836 quibus
1103 794 1265 837 integrum
1288 805 1339 826 me
1365 802 1534 838 totumque
1558 802 1618 828 tra-

137 849 227 887 dere,
250 861 326 881 cura
351 850 433 881 mihi
457 851 518 881 erit
540 860 666 881 summa
692 856 723 880 et
755 849 932 882 delectatio.

179 908 219 937 Et
250 917 307 937 vos
338 906 507 938 Auditores
550 905 795 937 humanissimi!
837 917 912 937 cum
950 908 1112 939 Orationis
1158 915 1385 951 argumentum
1430 908 1617 952 aggredior,

137 962 243 993 adeste
272 964 382 1006 aequis
409 963 556 1002 auribus,
591 973 706 1006 meque
737 962 936 995 humanitate
974 970 1006 996 et
1043 963 1266 996 benevolentia
1295 964 1468 997 sublevetis
1510 965 1617 998 velim.

134 1019 246 1053 Dicam
275 1020 392 1062 igitur:

180 1077 236 1108 De
258 1077 324 1108 unci
350 1083 448 1119 atque
473 1077 543 1109 sold
568 1076 639 1115 vid,
656 1087 720 1119 pro
746 1076 908 1108 hodiernis
928 1078 1015 1108 Arcis-
1037 1077 1188 1110 Medicae
1220 1079 1433 1118 incrementis,
1469 1085 1536 1111 tum
1568 1076 1616 1111 ad

134 1133 265 1176 artificis
287 1132 465 1173 solertiam,
489 1140 555 1165 tum
580 1132 628 1164 ad
649 1140 751 1165 arcem
770 1137 870 1176 ipsam
899 1134 1176 1178 amplificandam,
1199 1135 1259 1167 rite
1284 1134 1437 1168 meundd.

174 1246 398 1279 Pervolventes
421 1247 620 1279 diversarum
644 1247 790 1290 gentium
820 1246 968 1286 annales,
992 1247 1032 1279 ad
1057 1248 1296 1280 inveniundum
1322 1247 1412 1292 quod
1442 1247 1520 1279 olim
1545 1248 1609 1281 fuit

131 1303 207 1334 artis
238 1304 378 1335 medicae
406 1304 570 1343 studium,
601 1311 698 1347 prout
722 1305 886 1342 Historia,
920 1304 977 1335 lux
1005 1305 1058 1336 illa
1090 1306 1231 1337 veritatis
1262 1312 1294 1336 et
1324 1305 1475 1348 magistra
1509 1306 1611 1347 vitae,

129 1371 190 1392 nos
214 1360 362 1401 edocuit,
385 1367 524 1404 quatuor
544 1360 676 1404 quidem
706 1360 857 1404 periodos
884 1360 1082 1404 distinguere
1107 1373 1166 1393 nos
1187 1361 1360 1406 oportebit.

174 1418 221 1449 Ac
245 1418 387 1461 primum
415 1417 484 1456 illa,
507 1428 603 1461 quam
629 1417 719 1449 facile
751 1418 904 1449 incertam
921 1418 1046 1460 ingenii
1067 1417 1235 1450 infantiam
1260 1419 1365 1458 dicas,
1388 1429 1438 1451 ars
1455 1419 1608 1452 domesti-

129 1483 165 1503 ca
192 1473 268 1510 fuit,
292 1485 394 1516 quum
417 1475 570 1506 Nationes
599 1474 750 1506 infimum
781 1474 886 1506 adhuc
914 1474 1058 1506 culturae
1091 1475 1227 1517 gradum
1257 1481 1439 1508 tenuerunt.
1493 1478 1608 1516 Quam-

126 1528 183 1560 diu
209 1530 295 1560 enim
317 1530 403 1568 illae,
435 1533 565 1562 Penates
596 1532 765 1562 sanitatem
795 1532 897 1570 tueri,
931 1531 982 1562 vel
1009 1533 1188 1562 Daemones
1212 1532 1344 1563 morbos
1370 1531 1527 1574 affligere,
1552 1533 1603 1565 vel

126 1586 268 1617 Deorum
296 1586 336 1616 ad
366 1587 583 1618 valetudinem
619 1587 869 1630 recuperandam
905 1587 1061 1619 auxilium
1090 1587 1328 1631 implorandum
1357 1599 1441 1626 esse,
1466 1590 1602 1620 somnia·

126 1649 220 1678 runt;
243 1642 397 1685 quamdiu
428 1643 567 1686 aegroti,
593 1643 743 1674 eumdem
771 1644 805 1675 in
833 1644 957 1683 finem,
982 1645 1042 1675 viis
1069 1644 1206 1687 publicis
1233 1652 1288 1676 aut
1312 1645 1439 1688 templis
1464 1656 1600 1689 expone·

124 1697 260 1737 bantur,
284 1706 352 1730 tum
378 1699 432 1730 vel
463 1701 550 1731 varia
573 1701 685 1743 signa,
711 1699 882 1739 formulas,
906 1701 1061 1733 amuleta.
1089 1701 1232 1744 aliosque
1264 1701 1458 1733 characteres
1478 1713 1604 1746 sympa-

123 1754 257 1786 theticos
281 1762 335 1786 aut
358 1757 515 1799 magicos,
540 1756 580 1788 ad
608 1756 787 1788 sanandum
813 1758 862 1789 vel
888 1757 1106 1790 infectandum
1142 1765 1179 1789 ut
1206 1758 1382 1800 plurimum
1414 1758 1518 1790 valere
1543 1770 1604 1801 pu-

123 1817 250 1850 tarunt;
291 1819 389 1844 artem
425 1813 580 1845 medicam
621 1812 766 1857 profecto
791 1816 874 1847 hanc
906 1815 1077 1859 periodum
1110 1815 1313 1846 constituisse
1331 1837 1340 1853 ‚
1370 1814 1491 1862 absque
1513 1815 1605 1847 omni

123 1866 225 1899 dubio
251 1869 442 1901 contendere
466 1870 581 1902 licebit.

167 1922 311 1956 Alterum
338 1936 414 1958 mox
440 1926 501 1960 fuit
520 1927 660 1960 stadium
678 1928 755 1962 artis
781 1930 972 1974 empiricae,
996 1930 1060 1973 quz'i
1090 1928 1170 1967 viri,
1196 1927 1343 1961 doctrina
1369 1935 1465 1972 atque
1493 1935 1602 1961 aucto·

1559 1995 1605 2017 n·
