<?xml version="1.0" encoding="UTF-8"?>
<!DOCTYPE html PUBLIC "-//W3C//DTD XHTML 1.0 Transitional//EN"
    "http://www.w3.org/TR/xhtml1/DTD/xhtml1-transitional.dtd">
<html xmlns="http://www.w3.org/1999/xhtml" xml:lang="en" lang="en">
 <head>
  <title>
</title>
<meta http-equiv="Content-Type" content="text/html;charset=utf-8" />
  <meta name='ocr-system' content='tesseract 3.04.00' />
  <meta name='ocr-capabilities' content='ocr_page ocr_carea ocr_par ocr_line ocrx_word'/>
</head>
<body>
  <div class='ocr_page' id='page_1' title='image "annalesacademiae17rijk_0388.png"; bbox 0 0 1913 2427; ppageno 0'>
   <div class='ocr_carea' id='block_1_1' title="bbox 252 138 1519 206">
    <p class='ocr_par' dir='ltr' id='par_1_1' title="bbox 252 138 1519 206">
     <span class='ocr_line' id='line_1_1' title="bbox 252 138 1519 206; baseline -0.008 -1"><span class='ocrx_word' id='word_1_1' title='bbox 252 172 291 206; x_wconf 83' lang='lat'><strong>16</strong></span> <span class='ocrx_word' id='word_1_2' title='bbox 499 171 537 201; x_wconf 83' lang='lat' dir='ltr'><strong>H.</strong></span> <span class='ocrx_word' id='word_1_3' title='bbox 604 169 638 200; x_wconf 90' lang='lat' dir='ltr'><strong>C.</strong></span> <span class='ocrx_word' id='word_1_4' title='bbox 705 176 814 199; x_wconf 62' lang='lat' dir='ltr'><strong>van·</strong></span> <span class='ocrx_word' id='word_1_5' title='bbox 870 138 985 195; x_wconf 36' lang='lat' dir='ltr'><strong>&#39;nan</strong></span> <span class='ocrx_word' id='word_1_6' title='bbox 1050 163 1226 196; x_wconf 81' lang='lat' dir='ltr'>BOON</span> <span class='ocrx_word' id='word_1_7' title='bbox 1294 164 1519 198; x_wconf 85' lang='lat' dir='ltr'>MESCH</span> 
     </span>
    </p>
   </div>
   <div class='ocr_carea' id='block_1_2' title="bbox 249 250 1773 911">
    <p class='ocr_par' dir='ltr' id='par_1_2' title="bbox 249 250 1760 342">
     <span class='ocr_line' id='line_1_2' title="bbox 249 250 1760 290; baseline -0.009 -1"><span class='ocrx_word' id='word_1_8' title='bbox 249 261 325 290; x_wconf 88' lang='lat' dir='ltr'><strong>lulae</strong></span> <span class='ocrx_word' id='word_1_9' title='bbox 344 258 463 288; x_wconf 86' lang='lat' dir='ltr'>corticis</span> <span class='ocrx_word' id='word_1_10' title='bbox 485 264 512 287; x_wconf 89' lang='lat' dir='ltr'><strong>et</strong></span> <span class='ocrx_word' id='word_1_11' title='bbox 536 256 691 290; x_wconf 77' lang='lat' dir='ltr'><strong>medullae,</strong></span> <span class='ocrx_word' id='word_1_12' title='bbox 719 262 749 282; x_wconf 72' lang='grc' dir='ltr'><strong>ει.</strong></span> <span class='ocrx_word' id='word_1_13' title='bbox 775 252 893 281; x_wconf 87' lang='lat' dir='ltr'><strong>cellulae</strong></span> <span class='ocrx_word' id='word_1_14' title='bbox 915 251 982 281; x_wconf 84' lang='lat' dir='ltr'><strong>libri</strong></span> <span class='ocrx_word' id='word_1_15' title='bbox 1001 257 1028 281; x_wconf 86' lang='lat' dir='ltr'><strong>et</strong></span> <span class='ocrx_word' id='word_1_16' title='bbox 1049 250 1279 288; x_wconf 85' lang='lat' dir='ltr'><strong>parenchymatis</strong></span> <span class='ocrx_word' id='word_1_17' title='bbox 1303 251 1393 289; x_wconf 86' lang='lat' dir='ltr'><strong>ligni,</strong></span> <span class='ocrx_word' id='word_1_18' title='bbox 1419 260 1445 289; x_wconf 85' lang='lat'><strong>3.</strong></span> <span class='ocrx_word' id='word_1_19' title='bbox 1472 251 1593 281; x_wconf 83' lang='lat' dir='ltr'><strong>cellulae</strong></span> <span class='ocrx_word' id='word_1_20' title='bbox 1616 252 1760 283; x_wconf 74' lang='lat' dir='ltr'><strong>radiorum</strong></span> 
     </span>
     <span class='ocr_line' id='line_1_3' title="bbox 249 304 871 342; baseline -0.021 0"><span class='ocrx_word' id='word_1_21' title='bbox 249 311 458 342; x_wconf 81' lang='lat' dir='ltr'><strong>medullarium.</strong></span> <span class='ocrx_word' id='word_1_22' title='bbox 868 304 871 306; x_wconf 84' lang='lat'>&#39;</span> 
     </span>
    </p>

    <p class='ocr_par' dir='ltr' id='par_1_3' title="bbox 250 353 1773 598">
     <span class='ocr_line' id='line_1_4' title="bbox 293 353 1761 392; baseline -0.009 6"><span class='ocrx_word' id='word_1_23' title='bbox 293 363 424 392; x_wconf 70' lang='lat' dir='ltr'><strong>cellulae</strong></span> <span class='ocrx_word' id='word_1_24' title='bbox 445 359 563 389; x_wconf 89' lang='lat' dir='ltr'><strong>corticis</strong></span> <span class='ocrx_word' id='word_1_25' title='bbox 586 364 613 386; x_wconf 88' lang='lat' dir='ltr'><strong>et</strong></span> <span class='ocrx_word' id='word_1_26' title='bbox 633 356 770 385; x_wconf 71' lang='lat' dir='ltr'><strong>medullae</strong></span> <span class='ocrx_word' id='word_1_27' title='bbox 794 354 867 384; x_wconf 88' lang='lat' dir='ltr'><strong>inter</strong></span> <span class='ocrx_word' id='word_1_28' title='bbox 887 363 918 383; x_wconf 84' lang='lat' dir='ltr'><strong>se</strong></span> <span class='ocrx_word' id='word_1_29' title='bbox 939 354 1056 391; x_wconf 81' lang='lat' dir='ltr'><strong>penitus</strong></span> <span class='ocrx_word' id='word_1_30' title='bbox 1074 354 1269 383; x_wconf 86' lang='lat' dir='ltr'><strong>conveniunt:</strong></span> <span class='ocrx_word' id='word_1_31' title='bbox 1300 353 1419 382; x_wconf 85' lang='lat' dir='ltr'><strong>cellulae</strong></span> <span class='ocrx_word' id='word_1_32' title='bbox 1444 354 1584 383; x_wconf 84' lang='lat' dir='ltr'><strong>medullae</strong></span> <span class='ocrx_word' id='word_1_33' title='bbox 1609 355 1639 384; x_wconf 88' lang='lat' dir='ltr'><strong>in</strong></span> <span class='ocrx_word' id='word_1_34' title='bbox 1660 356 1761 385; x_wconf 90' lang='lat' dir='ltr'><strong>mediis</strong></span> 
     </span>
     <span class='ocr_line' id='line_1_5' title="bbox 252 405 1763 445; baseline -0.005 -1"><span class='ocrx_word' id='word_1_35' title='bbox 252 414 359 445; x_wconf 83' lang='lat' dir='ltr'><strong>coi-mis</strong></span> <span class='ocrx_word' id='word_1_36' title='bbox 383 418 452 441; x_wconf 87' lang='lat' dir='ltr'><strong>sunt</strong></span> <span class='ocrx_word' id='word_1_37' title='bbox 475 411 650 444; x_wconf 80' lang='lat' dir='ltr'><strong>collocatae,</strong></span> <span class='ocrx_word' id='word_1_38' title='bbox 672 416 796 444; x_wconf 86' lang='lat' dir='ltr'><strong>quorum</strong></span> <span class='ocrx_word' id='word_1_39' title='bbox 817 413 947 435; x_wconf 84' lang='lat' dir='ltr'><strong>centrum</strong></span> <span class='ocrx_word' id='word_1_40' title='bbox 967 405 1169 440; x_wconf 78' lang='lat' dir='ltr'><strong>constituunt3</strong></span> <span class='ocrx_word' id='word_1_41' title='bbox 1191 411 1218 433; x_wconf 90' lang='lat' dir='ltr'><strong>et</strong></span> <span class='ocrx_word' id='word_1_42' title='bbox 1242 405 1271 433; x_wconf 92' lang='lat' dir='ltr'><strong>in</strong></span> <span class='ocrx_word' id='word_1_43' title='bbox 1292 405 1445 434; x_wconf 84' lang='lat' dir='ltr'><strong>arboribus</strong></span> <span class='ocrx_word' id='word_1_44' title='bbox 1467 411 1535 434; x_wconf 86' lang='lat' dir='ltr'><strong>sunt</strong></span> <span class='ocrx_word' id='word_1_45' title='bbox 1557 406 1711 443; x_wconf 89' lang='lat' dir='ltr'><strong>maximae,</strong></span> <span class='ocrx_word' id='word_1_46' title='bbox 1732 407 1763 437; x_wconf 90' lang='lat' dir='ltr'><strong>in</strong></span> 
     </span>
     <span class='ocr_line' id='line_1_6' title="bbox 252 455 1767 499; baseline -0.005 -4"><span class='ocrx_word' id='word_1_47' title='bbox 252 464 432 496; x_wconf 82' lang='lat' dir='ltr'><strong>succulentis</strong></span> <span class='ocrx_word' id='word_1_48' title='bbox 451 460 662 499; x_wconf 84' lang='lat' dir='ltr'><strong>vegetabilibus</strong></span> <span class='ocrx_word' id='word_1_49' title='bbox 684 458 781 487; x_wconf 84' lang='lat' dir='ltr'><strong>succis</strong></span> <span class='ocrx_word' id='word_1_50' title='bbox 806 457 944 494; x_wconf 88' lang='lat' dir='ltr'><strong>repletae,</strong></span> <span class='ocrx_word' id='word_1_51' title='bbox 965 464 998 486; x_wconf 86' lang='lat' dir='ltr'><strong>ut</strong></span> <span class='ocrx_word' id='word_1_52' title='bbox 1014 458 1124 486; x_wconf 87' lang='lat' dir='ltr'><strong>canales</strong></span> <span class='ocrx_word' id='word_1_53' title='bbox 1144 457 1382 491; x_wconf 86' lang='lat' dir='ltr'><strong>intercellulares,</strong></span> <span class='ocrx_word' id='word_1_54' title='bbox 1403 455 1434 484; x_wconf 90' lang='lat' dir='ltr'><strong>in</strong></span> <span class='ocrx_word' id='word_1_55' title='bbox 1453 455 1595 492; x_wconf 87' lang='lat' dir='ltr'><strong>aquaticis</strong></span> <span class='ocrx_word' id='word_1_56' title='bbox 1609 478 1619 493; x_wconf 92' lang='lat'><strong>,</strong></span> <span class='ocrx_word' id='word_1_57' title='bbox 1642 457 1693 486; x_wconf 87' lang='lat' dir='ltr'><strong>ubi</strong></span> <span class='ocrx_word' id='word_1_58' title='bbox 1709 459 1767 487; x_wconf 90' lang='lat' dir='ltr'><strong>cel-</strong></span> 
     </span>
     <span class='ocr_line' id='line_1_7' title="bbox 253 507 1767 552; baseline -0.005 -6"><span class='ocrx_word' id='word_1_59' title='bbox 253 518 330 546; x_wconf 91' lang='lat' dir='ltr'><strong>lulae</strong></span> <span class='ocrx_word' id='word_1_60' title='bbox 345 537 356 552; x_wconf 91' lang='lat'><strong>‚</strong></span> <span class='ocrx_word' id='word_1_61' title='bbox 384 522 477 552; x_wconf 83' lang='lat' dir='ltr'><strong>quae,</strong></span> <span class='ocrx_word' id='word_1_62' title='bbox 509 513 578 542; x_wconf 89' lang='lat' dir='ltr'><strong>dum</strong></span> <span class='ocrx_word' id='word_1_63' title='bbox 609 510 857 547; x_wconf 81' lang='lat' dir='ltr'><strong>comprehendunt</strong></span> <span class='ocrx_word' id='word_1_64' title='bbox 885 508 1042 538; x_wconf 88' lang='lat' dir='ltr'><strong>fasciculos</strong></span> <span class='ocrx_word' id='word_1_65' title='bbox 1074 509 1207 538; x_wconf 85' lang='lat' dir='ltr'><strong>vasorum</strong></span> <span class='ocrx_word' id='word_1_66' title='bbox 1223 529 1235 543; x_wconf 88' lang='lat'>‚</span> <span class='ocrx_word' id='word_1_67' title='bbox 1262 516 1315 544; x_wconf 85' lang='lat' dir='ltr'><strong>pro</strong></span> <span class='ocrx_word' id='word_1_68' title='bbox 1347 507 1470 537; x_wconf 86' lang='lat' dir='ltr'><strong>medulla</strong></span> <span class='ocrx_word' id='word_1_69' title='bbox 1502 507 1643 537; x_wconf 82' lang='lat' dir='ltr'><strong>habentur</strong></span> <span class='ocrx_word' id='word_1_70' title='bbox 1657 530 1668 545; x_wconf 92' lang='lat'><strong>,</strong></span> <span class='ocrx_word' id='word_1_71' title='bbox 1705 509 1767 540; x_wconf 58' lang='lat' dir='ltr'><strong>abra</strong></span> 
     </span>
     <span class='ocr_line' id='line_1_8' title="bbox 250 560 1773 598; baseline -0.024 0"><span class='ocrx_word' id='word_1_72' title='bbox 250 569 370 598; x_wconf 88' lang='lat' dir='ltr'><strong>vehunt.</strong></span> <span class='ocrx_word' id='word_1_73' title='bbox 1771 560 1773 562; x_wconf 90' lang='lat'>.</span> 
     </span>
    </p>

    <p class='ocr_par' dir='ltr' id='par_1_4' title="bbox 253 609 1772 911">
     <span class='ocr_line' id='line_1_9' title="bbox 292 609 1767 654; baseline -0.007 -5"><span class='ocrx_word' id='word_1_74' title='bbox 292 618 584 654; x_wconf 53' lang='lat' dir='ltr'><strong>Cellulaeffelongatae</strong></span> <span class='ocrx_word' id='word_1_75' title='bbox 598 613 733 648; x_wconf 82' lang='lat' dir='ltr'><strong>corticis,</strong></span> <span class='ocrx_word' id='word_1_76' title='bbox 749 620 821 648; x_wconf 86' lang='lat' dir='ltr'><strong>quae</strong></span> <span class='ocrx_word' id='word_1_77' title='bbox 841 611 978 641; x_wconf 86' lang='lat' dir='ltr'><strong>dicuntur</strong></span> <span class='ocrx_word' id='word_1_78' title='bbox 998 610 1102 647; x_wconf 69' lang='lat' dir='ltr'><strong>(fibras</strong></span> <span class='ocrx_word' id='word_1_79' title='bbox 1126 610 1293 645; x_wconf 67' lang='lat' dir='ltr'><strong>curticulas,</strong></span> <span class='ocrx_word' id='word_1_80' title='bbox 1313 609 1500 646; x_wconf 77' lang='lat' dir='ltr'><strong>bastfa’scrn‚</strong></span> <span class='ocrx_word' id='word_1_81' title='bbox 1521 611 1674 640; x_wconf 73' lang='lat' dir='ltr'><strong>vaisseaux</strong></span> <span class='ocrx_word' id='word_1_82' title='bbox 1696 612 1767 649; x_wconf 84' lang='lat' dir='ltr'><strong>lym-</strong></span> 
     </span>
     <span class='ocr_line' id='line_1_10' title="bbox 253 660 1769 712; baseline -0.01 -10"><span class='ocrx_word' id='word_1_83' title='bbox 253 671 451 712; x_wconf 78' lang='lat' dir='ltr'><strong>phatiques),</strong></span> <span class='ocrx_word' id='word_1_84' title='bbox 475 668 602 696; x_wconf 83' lang='lat' dir='ltr'><strong>formant</strong></span> <span class='ocrx_word' id='word_1_85' title='bbox 624 664 784 694; x_wconf 89' lang='lat' dir='ltr'><strong>interiorem</strong></span> <span class='ocrx_word' id='word_1_86' title='bbox 809 663 925 692; x_wconf 84' lang='lat' dir='ltr'><strong>corticis</strong></span> <span class='ocrx_word' id='word_1_87' title='bbox 948 669 1052 699; x_wconf 84' lang='lat' dir='ltr'><strong>partem</strong></span> <span class='ocrx_word' id='word_1_88' title='bbox 1076 662 1105 690; x_wconf 90' lang='lat' dir='ltr'><strong>in</strong></span> <span class='ocrx_word' id='word_1_89' title='bbox 1127 661 1233 698; x_wconf 88' lang='lat' dir='ltr'><strong>plantis</strong></span> <span class='ocrx_word' id='word_1_90' title='bbox 1256 660 1485 697; x_wconf 86' lang='lat' dir='ltr'><strong>parenchymatis</strong></span> <span class='ocrx_word' id='word_1_91' title='bbox 1503 661 1668 692; x_wconf 76' lang='lat' dir='ltr'><strong>solidioris=</strong></span> <span class='ocrx_word' id='word_1_92' title='bbox 1689 664 1769 693; x_wconf 88' lang='lat' dir='ltr'><strong>elon.</strong></span> 
     </span>
     <span class='ocr_line' id='line_1_11' title="bbox 253 712 1768 765; baseline -0.011 -13"><span class='ocrx_word' id='word_1_93' title='bbox 253 730 335 765; x_wconf 77' lang='lat' dir='ltr'><strong>gatae</strong></span> <span class='ocrx_word' id='word_1_94' title='bbox 354 721 445 758; x_wconf 86' lang='lat' dir='ltr'><strong>ligni,</strong></span> <span class='ocrx_word' id='word_1_95' title='bbox 467 717 575 755; x_wconf 76' lang='lat' dir='ltr'><strong>(fibres</strong></span> <span class='ocrx_word' id='word_1_96' title='bbox 590 717 749 754; x_wconf 74' lang='lat' dir='ltr'><strong>ligneum,</strong></span> <span class='ocrx_word' id='word_1_97' title='bbox 773 714 982 752; x_wconf 63' lang='lat' dir='ltr'><strong>holzfrisern),</strong></span> <span class='ocrx_word' id='word_1_98' title='bbox 1006 714 1089 742; x_wconf 88' lang='lat' dir='ltr'><strong>basin</strong></span> <span class='ocrx_word' id='word_1_99' title='bbox 1104 712 1176 749; x_wconf 89' lang='lat' dir='ltr'><strong>ligni</strong></span> <span class='ocrx_word' id='word_1_100' title='bbox 1196 712 1397 741; x_wconf 85' lang='lat' dir='ltr'><strong>constituunt:</strong></span> <span class='ocrx_word' id='word_1_101' title='bbox 1419 712 1553 741; x_wconf 88' lang='lat' dir='ltr'><strong>differunt</strong></span> <span class='ocrx_word' id='word_1_102' title='bbox 1577 713 1628 742; x_wconf 88' lang='lat' dir='ltr'><strong>hae</strong></span> <span class='ocrx_word' id='word_1_103' title='bbox 1649 714 1685 742; x_wconf 84' lang='lat' dir='ltr'><strong>ab</strong></span> <span class='ocrx_word' id='word_1_104' title='bbox 1703 714 1768 744; x_wconf 67' lang='lat' dir='ltr'><strong>aliis</strong></span> 
     </span>
     <span class='ocr_line' id='line_1_12' title="bbox 253 763 1770 814; baseline -0.01 -11"><span class='ocrx_word' id='word_1_105' title='bbox 253 773 389 814; x_wconf 80' lang='lat' dir='ltr'><strong>cellulis,</strong></span> <span class='ocrx_word' id='word_1_106' title='bbox 419 778 479 799; x_wconf 85' lang='lat' dir='ltr'><strong>turn</strong></span> <span class='ocrx_word' id='word_1_107' title='bbox 501 769 594 798; x_wconf 89' lang='lat' dir='ltr'><strong>forma</strong></span> <span class='ocrx_word' id='word_1_108' title='bbox 617 767 783 795; x_wconf 83' lang='lat' dir='ltr'><strong>cellularum</strong></span> <span class='ocrx_word' id='word_1_109' title='bbox 814 766 903 802; x_wconf 85' lang='lat' dir='ltr'><strong>magis</strong></span> <span class='ocrx_word' id='word_1_110' title='bbox 932 766 1081 802; x_wconf 82' lang='lat' dir='ltr'><strong>elongata,</strong></span> <span class='ocrx_word' id='word_1_111' title='bbox 1108 771 1168 792; x_wconf 90' lang='lat' dir='ltr'><strong>tum</strong></span> <span class='ocrx_word' id='word_1_112' title='bbox 1198 763 1346 792; x_wconf 86' lang='lat' dir='ltr'><strong>canalibus</strong></span> <span class='ocrx_word' id='word_1_113' title='bbox 1373 763 1632 793; x_wconf 87' lang='lat' dir='ltr'><strong>intercellularibus</strong></span> <span class='ocrx_word' id='word_1_114' title='bbox 1656 765 1770 802; x_wconf 80' lang='lat' dir='ltr'><strong>majori.</strong></span> 
     </span>
     <span class='ocr_line' id='line_1_13' title="bbox 259 813 1771 861; baseline -0.011 -6"><span class='ocrx_word' id='word_1_115' title='bbox 259 826 335 861; x_wconf 77' lang='lat' dir='ltr'><strong>bus3</strong></span> <span class='ocrx_word' id='word_1_116' title='bbox 352 823 488 854; x_wconf 74' lang='lat' dir='ltr'><strong>cavitates</strong></span> <span class='ocrx_word' id='word_1_117' title='bbox 506 820 671 849; x_wconf 79' lang='lat' dir='ltr'><strong>cellularum</strong></span> <span class='ocrx_word' id='word_1_118' title='bbox 687 817 884 845; x_wconf 90' lang='lat' dir='ltr'><strong>obcluduntur</strong></span> <span class='ocrx_word' id='word_1_119' title='bbox 900 823 988 856; x_wconf 81' lang='lat' dir='ltr'><strong>aetate</strong></span> <span class='ocrx_word' id='word_1_120' title='bbox 1007 815 1143 845; x_wconf 82' lang='lat' dir='ltr'><strong>adultiori</strong></span> <span class='ocrx_word' id='word_1_121' title='bbox 1159 814 1327 843; x_wconf 87' lang='lat' dir='ltr'><strong>membranis</strong></span> <span class='ocrx_word' id='word_1_122' title='bbox 1344 813 1484 851; x_wconf 86' lang='lat' dir='ltr'><strong>parietum</strong></span> <span class='ocrx_word' id='word_1_123' title='bbox 1502 814 1678 845; x_wconf 83' lang='lat' dir='ltr'><strong>incrassatis.</strong></span> <span class='ocrx_word' id='word_1_124' title='bbox 1718 816 1771 846; x_wconf 71' lang='lat' dir='ltr'><strong>Li.</strong></span> 
     </span>
     <span class='ocr_line' id='line_1_14' title="bbox 257 853 1772 911; baseline -0.007 -6"><span class='ocrx_word' id='word_1_125' title='bbox 257 877 308 905; x_wconf 87' lang='lat' dir='ltr'><strong>ber</strong></span> <span class='ocrx_word' id='word_1_126' title='bbox 331 875 426 911; x_wconf 86' lang='lat' dir='ltr'><strong>itaque</strong></span> <span class='ocrx_word' id='word_1_127' title='bbox 446 872 518 901; x_wconf 90' lang='lat' dir='ltr'><strong>nihil</strong></span> <span class='ocrx_word' id='word_1_128' title='bbox 541 871 619 899; x_wconf 92' lang='lat' dir='ltr'><strong>aliud</strong></span> <span class='ocrx_word' id='word_1_129' title='bbox 642 875 706 906; x_wconf 86' lang='lat' dir='ltr'><strong>est,</strong></span> <span class='ocrx_word' id='word_1_130' title='bbox 728 878 813 906; x_wconf 86' lang='lat' dir='ltr'><strong>quam</strong></span> <span class='ocrx_word' id='word_1_131' title='bbox 835 869 1002 905; x_wconf 86' lang='lat' dir='ltr'><strong>complexus</strong></span> <span class='ocrx_word' id='word_1_132' title='bbox 1024 853 1190 896; x_wconf 85' lang='lat' dir='ltr'><strong>cellularum</strong></span> <span class='ocrx_word' id='word_1_133' title='bbox 1217 866 1412 903; x_wconf 83' lang='lat' dir='ltr'><strong>elongatarum</strong></span> <span class='ocrx_word' id='word_1_134' title='bbox 1435 866 1465 894; x_wconf 91' lang='lat' dir='ltr'><strong>in</strong></span> <span class='ocrx_word' id='word_1_135' title='bbox 1486 865 1642 896; x_wconf 88' lang='lat' dir='ltr'><strong>fasciculos</strong></span> <span class='ocrx_word' id='word_1_136' title='bbox 1666 867 1772 896; x_wconf 89' lang='lat' dir='ltr'><strong>collec-</strong></span> 
     </span>
    </p>
   </div>
   <div class='ocr_carea' id='block_1_3' title="bbox 257 909 1780 962">
    <p class='ocr_par' dir='ltr' id='par_1_5' title="bbox 257 909 1780 962">
     <span class='ocr_line' id='line_1_15' title="bbox 257 909 1780 962; baseline -0.007 -5"><span class='ocrx_word' id='word_1_137' title='bbox 257 935 368 962; x_wconf 81' lang='lat' dir='ltr'><strong>tarum,</strong></span> <span class='ocrx_word' id='word_1_138' title='bbox 389 923 496 961; x_wconf 87' lang='lat' dir='ltr'><strong>quibus</strong></span> <span class='ocrx_word' id='word_1_139' title='bbox 519 920 664 951; x_wconf 87' lang='lat' dir='ltr'><strong>intertexti</strong></span> <span class='ocrx_word' id='word_1_140' title='bbox 688 927 756 950; x_wconf 91' lang='lat' dir='ltr'><strong>sunt</strong></span> <span class='ocrx_word' id='word_1_141' title='bbox 777 921 846 953; x_wconf 82' lang='lat' dir='ltr'><strong>radii</strong></span> <span class='ocrx_word' id='word_1_142' title='bbox 870 920 1051 950; x_wconf 83' lang='lat' dir='ltr'><strong>medullares.</strong></span> <span class='ocrx_word' id='word_1_143' title='bbox 1089 918 1216 955; x_wconf 88' lang='lat' dir='ltr'><strong>Lignum</strong></span> <span class='ocrx_word' id='word_1_144' title='bbox 1241 916 1314 946; x_wconf 82' lang='lat' dir='ltr'><strong>nihil</strong></span> <span class='ocrx_word' id='word_1_145' title='bbox 1340 917 1436 952; x_wconf 88' lang='lat' dir='ltr'><strong>aliud,</strong></span> <span class='ocrx_word' id='word_1_146' title='bbox 1463 925 1548 953; x_wconf 88' lang='lat' dir='ltr'><strong>quam</strong></span> <span class='ocrx_word' id='word_1_147' title='bbox 1574 916 1707 947; x_wconf 86' lang='lat' dir='ltr'><strong>fasciculi</strong></span> <span class='ocrx_word' id='word_1_148' title='bbox 1728 909 1780 949; x_wconf 35' lang='lat' dir='ltr'><strong>ea·-</strong></span> 
     </span>
    </p>
   </div>
   <div class='ocr_carea' id='block_1_4' title="bbox 254 967 1785 2019">
    <p class='ocr_par' dir='ltr' id='par_1_6' title="bbox 258 967 1531 1009">
     <span class='ocr_line' id='line_1_16' title="bbox 258 967 1531 1009; baseline -0.009 -1"><span class='ocrx_word' id='word_1_149' title='bbox 258 979 376 1008; x_wconf 89' lang='lat' dir='ltr'><strong>rundem</strong></span> <span class='ocrx_word' id='word_1_150' title='bbox 396 975 583 1009; x_wconf 84' lang='lat' dir='ltr'><strong>cellularum,</strong></span> <span class='ocrx_word' id='word_1_151' title='bbox 605 973 725 1001; x_wconf 87' lang='lat' dir='ltr'><strong>immisti</strong></span> <span class='ocrx_word' id='word_1_152' title='bbox 742 972 827 1001; x_wconf 87' lang='lat' dir='ltr'><strong>radiis</strong></span> <span class='ocrx_word' id='word_1_153' title='bbox 849 971 1071 1005; x_wconf 82' lang='lat' dir='ltr'><strong>medullaribus,</strong></span> <span class='ocrx_word' id='word_1_154' title='bbox 1094 968 1252 999; x_wconf 86' lang='lat' dir='ltr'><strong>intertextis</strong></span> <span class='ocrx_word' id='word_1_155' title='bbox 1268 968 1344 996; x_wconf 86' lang='lat' dir='ltr'><strong>vasis</strong></span> <span class='ocrx_word' id='word_1_156' title='bbox 1366 967 1531 1004; x_wconf 79' lang='lat' dir='ltr'><strong>spiralibus.</strong></span> 
     </span>
    </p>

    <p class='ocr_par' dir='ltr' id='par_1_7' title="bbox 254 1018 1777 1522">
     <span class='ocr_line' id='line_1_17' title="bbox 295 1018 1773 1060; baseline -0.007 -2"><span class='ocrx_word' id='word_1_157' title='bbox 295 1028 426 1060; x_wconf 86' lang='lat' dir='ltr'><strong>Cellulae</strong></span> <span class='ocrx_word' id='word_1_158' title='bbox 438 1025 579 1055; x_wconf 80' lang='lat' dir='ltr'><strong>radiorum</strong></span> <span class='ocrx_word' id='word_1_159' title='bbox 596 1023 811 1057; x_wconf 85' lang='lat' dir='ltr'><strong>medullarium,</strong></span> <span class='ocrx_word' id='word_1_160' title='bbox 829 1021 1089 1060; x_wconf 73' lang='lat' dir='ltr'><strong>(spiegelfdsern),</strong></span> <span class='ocrx_word' id='word_1_161' title='bbox 1100 1026 1168 1049; x_wconf 90' lang='lat' dir='ltr'><strong>sunt</strong></span> <span class='ocrx_word' id='word_1_162' title='bbox 1182 1018 1251 1047; x_wconf 82' lang='lat' dir='ltr'><strong>radii</strong></span> <span class='ocrx_word' id='word_1_163' title='bbox 1261 1018 1408 1047; x_wconf 84' lang='lat' dir='ltr'><strong>verticales</strong></span> <span class='ocrx_word' id='word_1_164' title='bbox 1419 1039 1429 1053; x_wconf 83' lang='lat'><strong>,</strong></span> <span class='ocrx_word' id='word_1_165' title='bbox 1445 1019 1535 1055; x_wconf 86' lang='lat' dir='ltr'><strong>magis</strong></span> <span class='ocrx_word' id='word_1_166' title='bbox 1547 1018 1682 1054; x_wconf 81' lang='lat' dir='ltr'><strong>minusve</strong></span> <span class='ocrx_word' id='word_1_167' title='bbox 1696 1026 1773 1057; x_wconf 74' lang='lat' dir='ltr'><strong>cras·</strong></span> 
     </span>
     <span class='ocr_line' id='line_1_18' title="bbox 262 1062 1772 1118; baseline -0.008 -7"><span class='ocrx_word' id='word_1_168' title='bbox 262 1083 306 1118; x_wconf 81' lang='lat' dir='ltr'><strong>si,</strong></span> <span class='ocrx_word' id='word_1_169' title='bbox 323 1082 519 1118; x_wconf 85' lang='lat' dir='ltr'><strong>percurrentes</strong></span> <span class='ocrx_word' id='word_1_170' title='bbox 540 1082 674 1104; x_wconf 89' lang='lat' dir='ltr'><strong>truncum</strong></span> <span class='ocrx_word' id='word_1_171' title='bbox 690 1074 801 1103; x_wconf 83' lang='lat' dir='ltr'><strong>arboris</strong></span> <span class='ocrx_word' id='word_1_172' title='bbox 820 1083 835 1102; x_wconf 91' lang='lat' dir='ltr'><strong>a</strong></span> <span class='ocrx_word' id='word_1_173' title='bbox 855 1073 962 1108; x_wconf 89' lang='lat' dir='ltr'><strong>cortice</strong></span> <span class='ocrx_word' id='word_1_174' title='bbox 977 1072 1129 1101; x_wconf 89' lang='lat' dir='ltr'><strong>medullam</strong></span> <span class='ocrx_word' id='word_1_175' title='bbox 1147 1062 1267 1105; x_wconf 76' lang='lat' dir='ltr'><strong>versus,</strong></span> <span class='ocrx_word' id='word_1_176' title='bbox 1286 1075 1453 1098; x_wconf 83' lang='lat' dir='ltr'><strong>constantes</strong></span> <span class='ocrx_word' id='word_1_177' title='bbox 1473 1070 1585 1099; x_wconf 91' lang='lat' dir='ltr'><strong>cellulis</strong></span> <span class='ocrx_word' id='word_1_178' title='bbox 1608 1064 1772 1106; x_wconf 64' lang='lat' dir='ltr'><strong>elongatis,</strong></span> 
     </span>
     <span class='ocr_line' id='line_1_19' title="bbox 263 1119 1772 1171; baseline -0.01 -8"><span class='ocrx_word' id='word_1_179' title='bbox 263 1142 338 1171; x_wconf 87' lang='lat' dir='ltr'><strong>quae</strong></span> <span class='ocrx_word' id='word_1_180' title='bbox 352 1140 389 1161; x_wconf 83' lang='lat' dir='ltr'><strong>ex</strong></span> <span class='ocrx_word' id='word_1_181' title='bbox 411 1126 562 1159; x_wconf 86' lang='lat' dir='ltr'><strong>ordinariis</strong></span> <span class='ocrx_word' id='word_1_182' title='bbox 586 1127 624 1155; x_wconf 86' lang='lat' dir='ltr'><strong>ita</strong></span> <span class='ocrx_word' id='word_1_183' title='bbox 643 1126 880 1160; x_wconf 78' lang='lat' dir='ltr'><strong>conformantur3</strong></span> <span class='ocrx_word' id='word_1_184' title='bbox 911 1124 990 1160; x_wconf 89' lang='lat' dir='ltr'><strong>quod</strong></span> <span class='ocrx_word' id='word_1_185' title='bbox 1009 1129 1139 1161; x_wconf 83' lang='lat' dir='ltr'><strong>apparet</strong></span> <span class='ocrx_word' id='word_1_186' title='bbox 1154 1121 1263 1162; x_wconf 70' lang='lat' dir='ltr'><strong>juniori</strong></span> <span class='ocrx_word' id='word_1_187' title='bbox 1292 1122 1401 1163; x_wconf 78' lang='lat' dir='ltr'><strong>planta</strong></span> <span class='ocrx_word' id='word_1_188' title='bbox 1410 1129 1474 1157; x_wconf 85' lang='lat' dir='ltr'><strong>cum</strong></span> <span class='ocrx_word' id='word_1_189' title='bbox 1499 1120 1634 1161; x_wconf 80' lang='lat' dir='ltr'><strong>adultiori</strong></span> <span class='ocrx_word' id='word_1_190' title='bbox 1656 1119 1772 1149; x_wconf 87' lang='lat' dir='ltr'><strong>collata.</strong></span> 
     </span>
     <span class='ocr_line' id='line_1_20' title="bbox 264 1165 1777 1217; baseline -0.011 -2"><span class='ocrx_word' id='word_1_191' title='bbox 264 1185 394 1215; x_wconf 86' lang='lat' dir='ltr'><strong>Cellulas</strong></span> <span class='ocrx_word' id='word_1_192' title='bbox 421 1187 514 1210; x_wconf 88' lang='lat' dir='ltr'><strong>autem</strong></span> <span class='ocrx_word' id='word_1_193' title='bbox 539 1180 699 1215; x_wconf 86' lang='lat' dir='ltr'><strong>hexagonas</strong></span> <span class='ocrx_word' id='word_1_194' title='bbox 724 1177 897 1206; x_wconf 83' lang='lat' dir='ltr'><strong>comitantur</strong></span> <span class='ocrx_word' id='word_1_195' title='bbox 925 1175 1034 1204; x_wconf 88' lang='lat' dir='ltr'><strong>canales</strong></span> <span class='ocrx_word' id='word_1_196' title='bbox 1067 1174 1288 1212; x_wconf 77' lang='lat' dir='ltr'><strong>intercellulares</strong></span> <span class='ocrx_word' id='word_1_197' title='bbox 1307 1193 1317 1208; x_wconf 92' lang='lat'><strong>,</strong></span> <span class='ocrx_word' id='word_1_198' title='bbox 1344 1171 1395 1209; x_wconf 86' lang='lat' dir='ltr'><strong>qui</strong></span> <span class='ocrx_word' id='word_1_199' title='bbox 1421 1171 1528 1217; x_wconf 89' lang='lat' dir='ltr'><strong>plantis</strong></span> <span class='ocrx_word' id='word_1_200' title='bbox 1558 1165 1777 1208; x_wconf 83' lang='lat' dir='ltr'><strong>imperfectiori-</strong></span> 
     </span>
     <span class='ocr_line' id='line_1_21' title="bbox 254 1208 1777 1271; baseline -0.009 -6"><span class='ocrx_word' id='word_1_201' title='bbox 254 1238 339 1271; x_wconf 80' lang='lat' dir='ltr'><strong>bus,</strong></span> <span class='ocrx_word' id='word_1_202' title='bbox 360 1234 470 1270; x_wconf 87' lang='lat' dir='ltr'><strong>quippe</strong></span> <span class='ocrx_word' id='word_1_203' title='bbox 490 1231 572 1259; x_wconf 87' lang='lat' dir='ltr'><strong>telam</strong></span> <span class='ocrx_word' id='word_1_204' title='bbox 598 1230 777 1266; x_wconf 72' lang='lat' dir='ltr'><strong>irregularem</strong></span> <span class='ocrx_word' id='word_1_205' title='bbox 799 1236 863 1264; x_wconf 89' lang='lat' dir='ltr'><strong>prae</strong></span> <span class='ocrx_word' id='word_1_206' title='bbox 885 1235 916 1255; x_wconf 91' lang='lat' dir='ltr'><strong>se</strong></span> <span class='ocrx_word' id='word_1_207' title='bbox 938 1225 1114 1261; x_wconf 87' lang='lat' dir='ltr'><strong>ferentibus,</strong></span> <span class='ocrx_word' id='word_1_208' title='bbox 1144 1225 1265 1259; x_wconf 80' lang='lat' dir='ltr'><strong>desunt3</strong></span> <span class='ocrx_word' id='word_1_209' title='bbox 1295 1223 1409 1252; x_wconf 88' lang='lat' dir='ltr'><strong>maximi</strong></span> <span class='ocrx_word' id='word_1_210' title='bbox 1434 1223 1463 1251; x_wconf 90' lang='lat' dir='ltr'><strong>in</strong></span> <span class='ocrx_word' id='word_1_211' title='bbox 1492 1223 1668 1256; x_wconf 85' lang='lat' dir='ltr'><strong>succulentis</strong></span> <span class='ocrx_word' id='word_1_212' title='bbox 1692 1208 1777 1260; x_wconf 50' lang='lat' dir='ltr'><strong>vede-</strong></span> 
     </span>
     <span class='ocr_line' id='line_1_22' title="bbox 265 1272 1775 1317; baseline -0.01 -1"><span class='ocrx_word' id='word_1_213' title='bbox 265 1286 404 1317; x_wconf 86' lang='lat' dir='ltr'><strong>tabilibus</strong></span> <span class='ocrx_word' id='word_1_214' title='bbox 424 1282 558 1312; x_wconf 82' lang='lat' dir='ltr'><strong>desinunt</strong></span> <span class='ocrx_word' id='word_1_215' title='bbox 579 1281 614 1309; x_wconf 88' lang='lat' dir='ltr'><strong>ad</strong></span> <span class='ocrx_word' id='word_1_216' title='bbox 636 1279 814 1315; x_wconf 78' lang='lat' dir='ltr'><strong>superficiem</strong></span> <span class='ocrx_word' id='word_1_217' title='bbox 837 1278 967 1314; x_wconf 85' lang='lat' dir='ltr'><strong>plantae,</strong></span> <span class='ocrx_word' id='word_1_218' title='bbox 988 1277 1040 1306; x_wconf 90' lang='lat' dir='ltr'><strong>ubi</strong></span> <span class='ocrx_word' id='word_1_219' title='bbox 1059 1276 1219 1305; x_wconf 87' lang='lat' dir='ltr'><strong>induuntur</strong></span> <span class='ocrx_word' id='word_1_220' title='bbox 1240 1274 1429 1311; x_wconf 80' lang='lat' dir='ltr'><strong>epidermide3</strong></span> <span class='ocrx_word' id='word_1_221' title='bbox 1451 1273 1613 1311; x_wconf 87' lang='lat' dir='ltr'><strong>frequenter</strong></span> <span class='ocrx_word' id='word_1_222' title='bbox 1629 1282 1695 1303; x_wconf 89' lang='lat' dir='ltr'><strong>vasa</strong></span> <span class='ocrx_word' id='word_1_223' title='bbox 1716 1272 1775 1310; x_wconf 88' lang='lat' dir='ltr'><strong>spi-</strong></span> 
     </span>
     <span class='ocr_line' id='line_1_23' title="bbox 266 1323 1776 1371; baseline -0.011 -4"><span class='ocrx_word' id='word_1_224' title='bbox 266 1339 334 1369; x_wconf 88' lang='lat' dir='ltr'><strong>ralia</strong></span> <span class='ocrx_word' id='word_1_225' title='bbox 356 1336 519 1371; x_wconf 72' lang='lat' dir='ltr'><strong>attingunt-1,</strong></span> <span class='ocrx_word' id='word_1_226' title='bbox 542 1339 614 1367; x_wconf 88' lang='lat' dir='ltr'><strong>quae</strong></span> <span class='ocrx_word' id='word_1_227' title='bbox 637 1337 729 1358; x_wconf 88' lang='lat' dir='ltr'><strong>tamen</strong></span> <span class='ocrx_word' id='word_1_228' title='bbox 750 1329 788 1357; x_wconf 93' lang='lat' dir='ltr'><strong>sit</strong></span> <span class='ocrx_word' id='word_1_229' title='bbox 811 1328 883 1356; x_wconf 83' lang='lat' dir='ltr'><strong>iatio</strong></span> <span class='ocrx_word' id='word_1_230' title='bbox 906 1329 978 1356; x_wconf 90' lang='lat' dir='ltr'><strong>inter</strong></span> <span class='ocrx_word' id='word_1_231' title='bbox 999 1327 1127 1366; x_wconf 81' lang='lat' dir='ltr'><strong>canales,</strong></span> <span class='ocrx_word' id='word_1_232' title='bbox 1156 1335 1223 1355; x_wconf 87' lang='lat' dir='ltr'><strong>vasa</strong></span> <span class='ocrx_word' id='word_1_233' title='bbox 1246 1326 1361 1362; x_wconf 90' lang='lat' dir='ltr'><strong>spiralia</strong></span> <span class='ocrx_word' id='word_1_234' title='bbox 1383 1332 1410 1353; x_wconf 89' lang='lat' dir='ltr'><strong>et</strong></span> <span class='ocrx_word' id='word_1_235' title='bbox 1437 1334 1546 1362; x_wconf 89' lang='lat' dir='ltr'><strong>poros,</strong></span> <span class='ocrx_word' id='word_1_236' title='bbox 1577 1325 1705 1357; x_wconf 83' lang='lat' dir='ltr'><strong>nondum</strong></span> <span class='ocrx_word' id='word_1_237' title='bbox 1728 1323 1776 1352; x_wconf 82' lang='lat' dir='ltr'><strong>de-</strong></span> 
     </span>
     <span class='ocr_line' id='line_1_24' title="bbox 264 1369 1776 1421; baseline -0.011 -3"><span class='ocrx_word' id='word_1_238' title='bbox 264 1396 374 1419; x_wconf 80' lang='lat' dir='ltr'><strong>tectum</strong></span> <span class='ocrx_word' id='word_1_239' title='bbox 406 1392 470 1421; x_wconf 84' lang='lat' dir='ltr'><strong>est;</strong></span> <span class='ocrx_word' id='word_1_240' title='bbox 499 1390 565 1412; x_wconf 88' lang='lat' dir='ltr'><strong>cum</strong></span> <span class='ocrx_word' id='word_1_241' title='bbox 595 1388 687 1411; x_wconf 90' lang='lat' dir='ltr'><strong>autem</strong></span> <span class='ocrx_word' id='word_1_242' title='bbox 715 1379 854 1408; x_wconf 82' lang='lat' dir='ltr'><strong>maximus</strong></span> <span class='ocrx_word' id='word_1_243' title='bbox 885 1372 1024 1407; x_wconf 87' lang='lat' dir='ltr'><strong>canalium</strong></span> <span class='ocrx_word' id='word_1_244' title='bbox 1051 1369 1186 1405; x_wconf 85' lang='lat' dir='ltr'><strong>numerus</strong></span> <span class='ocrx_word' id='word_1_245' title='bbox 1216 1377 1289 1405; x_wconf 86' lang='lat' dir='ltr'><strong>adsit</strong></span> <span class='ocrx_word' id='word_1_246' title='bbox 1312 1377 1340 1405; x_wconf 88' lang='lat' dir='ltr'><strong>in</strong></span> <span class='ocrx_word' id='word_1_247' title='bbox 1367 1376 1586 1413; x_wconf 84' lang='lat' dir='ltr'><strong>parenchymatc</strong></span> <span class='ocrx_word' id='word_1_248' title='bbox 1609 1369 1776 1404; x_wconf 83' lang='lat' dir='ltr'><strong>cellularum</strong></span> 
     </span>
     <span class='ocr_line' id='line_1_25' title="bbox 269 1425 1777 1476; baseline -0.011 -6"><span class='ocrx_word' id='word_1_249' title='bbox 269 1442 483 1476; x_wconf 82' lang='lat' dir='ltr'><strong>elongatarum,</strong></span> <span class='ocrx_word' id='word_1_250' title='bbox 503 1434 661 1464; x_wconf 79' lang='lat' dir='ltr'><strong>fasciculos</strong></span> <span class='ocrx_word' id='word_1_251' title='bbox 683 1439 816 1461; x_wconf 84' lang='lat' dir='ltr'><strong>vasorum</strong></span> <span class='ocrx_word' id='word_1_252' title='bbox 835 1428 1090 1463; x_wconf 62' lang='lat' dir='ltr'><strong>circumdantium„</strong></span> <span class='ocrx_word' id='word_1_253' title='bbox 1111 1436 1170 1464; x_wconf 85' lang='lat' dir='ltr'><strong>non</strong></span> <span class='ocrx_word' id='word_1_254' title='bbox 1191 1427 1315 1467; x_wconf 85' lang='lat' dir='ltr'><strong>dubium</strong></span> <span class='ocrx_word' id='word_1_255' title='bbox 1321 1433 1401 1466; x_wconf 77' lang='lat' dir='ltr'><strong>est,</strong></span> <span class='ocrx_word' id='word_1_256' title='bbox 1421 1427 1493 1464; x_wconf 82' lang='lat' dir='ltr'><strong>quin</strong></span> <span class='ocrx_word' id='word_1_257' title='bbox 1517 1427 1615 1465; x_wconf 89' lang='lat' dir='ltr'><strong>aliqua</strong></span> <span class='ocrx_word' id='word_1_258' title='bbox 1636 1425 1676 1454; x_wconf 90' lang='lat' dir='ltr'><strong>sit</strong></span> <span class='ocrx_word' id='word_1_259' title='bbox 1703 1425 1777 1454; x_wconf 88' lang='lat' dir='ltr'><strong>inter</strong></span> 
     </span>
     <span class='ocr_line' id='line_1_26' title="bbox 267 1482 530 1522; baseline -0.028 -1"><span class='ocrx_word' id='word_1_260' title='bbox 267 1501 334 1522; x_wconf 78' lang='lat' dir='ltr'><strong>vasa</strong></span> <span class='ocrx_word' id='word_1_261' title='bbox 358 1497 385 1519; x_wconf 90' lang='lat' dir='ltr'><strong>et</strong></span> <span class='ocrx_word' id='word_1_262' title='bbox 409 1482 530 1518; x_wconf 71' lang='lat' dir='ltr'><strong>canales.</strong></span> 
     </span>
    </p>

    <p class='ocr_par' dir='ltr' id='par_1_8' title="bbox 268 1514 1780 1786">
     <span class='ocr_line' id='line_1_27' title="bbox 306 1514 1779 1576; baseline -0.008 -6"><span class='ocrx_word' id='word_1_263' title='bbox 306 1543 383 1571; x_wconf 82' lang='lat' dir='ltr'><strong>Vasa</strong></span> <span class='ocrx_word' id='word_1_264' title='bbox 406 1538 521 1576; x_wconf 83' lang='lat' dir='ltr'><strong>propria</strong></span> <span class='ocrx_word' id='word_1_265' title='bbox 545 1536 711 1574; x_wconf 87' lang='lat' dir='ltr'><strong>praeprimis</strong></span> <span class='ocrx_word' id='word_1_266' title='bbox 733 1535 762 1565; x_wconf 85' lang='lat' dir='ltr'><strong>in</strong></span> <span class='ocrx_word' id='word_1_267' title='bbox 785 1535 890 1565; x_wconf 90' lang='lat' dir='ltr'><strong>cortice</strong></span> <span class='ocrx_word' id='word_1_268' title='bbox 920 1533 1122 1568; x_wconf 85' lang='lat' dir='ltr'><strong>inveniuntur,</strong></span> <span class='ocrx_word' id='word_1_269' title='bbox 1150 1538 1178 1562; x_wconf 84' lang='lat' dir='ltr'><strong>et</strong></span> <span class='ocrx_word' id='word_1_270' title='bbox 1207 1531 1237 1561; x_wconf 85' lang='lat' dir='ltr'><strong>in</strong></span> <span class='ocrx_word' id='word_1_271' title='bbox 1268 1530 1417 1576; x_wconf 86' lang='lat' dir='ltr'><strong>fasciculis</strong></span> <span class='ocrx_word' id='word_1_272' title='bbox 1444 1514 1609 1570; x_wconf 84' lang='lat' dir='ltr'><strong>cellularum</strong></span> <span class='ocrx_word' id='word_1_273' title='bbox 1636 1530 1779 1567; x_wconf 88' lang='lat' dir='ltr'><strong>elongata·</strong></span> 
     </span>
     <span class='ocr_line' id='line_1_28' title="bbox 270 1581 1780 1628; baseline -0.009 -4"><span class='ocrx_word' id='word_1_274' title='bbox 270 1603 354 1628; x_wconf 85' lang='lat' dir='ltr'><strong>1-,um</strong></span> <span class='ocrx_word' id='word_1_275' title='bbox 374 1599 441 1620; x_wconf 83' lang='lat' dir='ltr'><strong>vasa</strong></span> <span class='ocrx_word' id='word_1_276' title='bbox 456 1589 573 1626; x_wconf 87' lang='lat' dir='ltr'><strong>spiralia</strong></span> <span class='ocrx_word' id='word_1_277' title='bbox 590 1589 782 1624; x_wconf 86' lang='lat' dir='ltr'><strong>cingentibus</strong></span> <span class='ocrx_word' id='word_1_278' title='bbox 818 1588 937 1616; x_wconf 73' lang='lat' dir='ltr'><strong>Veliunt</strong></span> <span class='ocrx_word' id='word_1_279' title='bbox 957 1594 984 1614; x_wconf 88' lang='lat' dir='ltr'><strong>et</strong></span> <span class='ocrx_word' id='word_1_280' title='bbox 1007 1587 1115 1614; x_wconf 89' lang='lat' dir='ltr'><strong>multos</strong></span> <span class='ocrx_word' id='word_1_281' title='bbox 1138 1590 1165 1613; x_wconf 89' lang='lat' dir='ltr'><strong>et</strong></span> <span class='ocrx_word' id='word_1_282' title='bbox 1190 1583 1402 1622; x_wconf 63' lang='grc'><strong>(111515155111105</strong></span> <span class='ocrx_word' id='word_1_283' title='bbox 1424 1584 1569 1613; x_wconf 78' lang='lat' dir='ltr'><strong>humores</strong></span> <span class='ocrx_word' id='word_1_284' title='bbox 1605 1582 1651 1610; x_wconf 89' lang='lat' dir='ltr'><strong>Ab</strong></span> <span class='ocrx_word' id='word_1_285' title='bbox 1674 1581 1719 1610; x_wconf 87' lang='lat' dir='ltr'><strong>his</strong></span> <span class='ocrx_word' id='word_1_286' title='bbox 1737 1581 1780 1610; x_wconf 90' lang='lat' dir='ltr'><strong>di-</strong></span> 
     </span>
     <span class='ocr_line' id='line_1_29' title="bbox 268 1632 1777 1683; baseline -0.009 -10"><span class='ocrx_word' id='word_1_287' title='bbox 268 1646 457 1683; x_wconf 82' lang='lat' dir='ltr'><strong>stinguuntur</strong></span> <span class='ocrx_word' id='word_1_288' title='bbox 477 1641 593 1669; x_wconf 86' lang='lat' dir='ltr'><strong>lacunae</strong></span> <span class='ocrx_word' id='word_1_289' title='bbox 616 1639 832 1675; x_wconf 86' lang='lat' dir='ltr'><strong>membranula,</strong></span> <span class='ocrx_word' id='word_1_290' title='bbox 853 1639 929 1668; x_wconf 89' lang='lat' dir='ltr'><strong>unde</strong></span> <span class='ocrx_word' id='word_1_291' title='bbox 952 1637 1125 1674; x_wconf 87' lang='lat' dir='ltr'><strong>impeditur,</strong></span> <span class='ocrx_word' id='word_1_292' title='bbox 1149 1635 1305 1672; x_wconf 90' lang='lat' dir='ltr'><strong>quominus</strong></span> <span class='ocrx_word' id='word_1_293' title='bbox 1330 1643 1399 1663; x_wconf 86' lang='lat' dir='ltr'><strong>sevo</strong></span> <span class='ocrx_word' id='word_1_294' title='bbox 1424 1643 1457 1664; x_wconf 85' lang='lat' dir='ltr'><strong>ex</strong></span> <span class='ocrx_word' id='word_1_295' title='bbox 1481 1634 1611 1663; x_wconf 88' lang='lat' dir='ltr'><strong>affinibus</strong></span> <span class='ocrx_word' id='word_1_296' title='bbox 1636 1632 1777 1662; x_wconf 87' lang='lat' dir='ltr'><strong>meatibus</strong></span> 
     </span>
     <span class='ocr_line' id='line_1_30' title="bbox 272 1682 1777 1727; baseline -0.009 -2"><span class='ocrx_word' id='word_1_297' title='bbox 272 1692 528 1727; x_wconf 80' lang='lat' dir='ltr'><strong>intercellularibus</strong></span> <span class='ocrx_word' id='word_1_298' title='bbox 554 1692 681 1720; x_wconf 87' lang='lat' dir='ltr'><strong>affluente</strong></span> <span class='ocrx_word' id='word_1_299' title='bbox 703 1691 881 1726; x_wconf 87' lang='lat' dir='ltr'><strong>repleantur;</strong></span> <span class='ocrx_word' id='word_1_300' title='bbox 909 1695 1004 1718; x_wconf 89' lang='lat' dir='ltr'><strong>utrum</strong></span> <span class='ocrx_word' id='word_1_301' title='bbox 1029 1696 1098 1717; x_wconf 88' lang='lat' dir='ltr'><strong>vero</strong></span> <span class='ocrx_word' id='word_1_302' title='bbox 1120 1696 1186 1715; x_wconf 90' lang='lat' dir='ltr'><strong>cum</strong></span> <span class='ocrx_word' id='word_1_303' title='bbox 1204 1687 1263 1715; x_wconf 86' lang='lat' dir='ltr'><strong>a&#39;ere</strong></span> <span class='ocrx_word' id='word_1_304' title='bbox 1290 1685 1538 1722; x_wconf 84' lang='lat' dir='ltr'><strong>atmosphaerico,</strong></span> <span class='ocrx_word' id='word_1_305' title='bbox 1560 1693 1595 1714; x_wconf 91' lang='lat' dir='ltr'><strong>an</strong></span> <span class='ocrx_word' id='word_1_306' title='bbox 1615 1692 1679 1713; x_wconf 91' lang='lat' dir='ltr'><strong>cum</strong></span> <span class='ocrx_word' id='word_1_307' title='bbox 1700 1682 1777 1712; x_wconf 82' lang='lat' dir='ltr'><strong>vasis</strong></span> 
     </span>
     <span class='ocr_line' id='line_1_31' title="bbox 274 1736 1626 1786; baseline -0.01 -9"><span class='ocrx_word' id='word_1_308' title='bbox 274 1748 448 1786; x_wconf 78' lang='lat' dir='ltr'><strong>spiralibus,</strong></span> <span class='ocrx_word' id='word_1_309' title='bbox 471 1743 675 1773; x_wconf 87' lang='lat' dir='ltr'><strong>commercium</strong></span> <span class='ocrx_word' id='word_1_310' title='bbox 696 1743 791 1776; x_wconf 78' lang='lat' dir='ltr'><strong>alant,</strong></span> <span class='ocrx_word' id='word_1_311' title='bbox 813 1742 898 1776; x_wconf 80' lang='lat' dir='ltr'><strong>latet;</strong></span> <span class='ocrx_word' id='word_1_312' title='bbox 921 1740 948 1768; x_wconf 88' lang='lat' dir='ltr'><strong>id</strong></span> <span class='ocrx_word' id='word_1_313' title='bbox 971 1746 1100 1774; x_wconf 79' lang='lat' dir='ltr'><strong>certum,</strong></span> <span class='ocrx_word' id='word_1_314' title='bbox 1118 1739 1198 1774; x_wconf 88' lang='lat' dir='ltr'><strong>quod</strong></span> <span class='ocrx_word' id='word_1_315' title='bbox 1218 1737 1298 1767; x_wconf 67' lang='lat' dir='ltr'><strong>aeris</strong></span> <span class='ocrx_word' id='word_1_316' title='bbox 1305 1737 1428 1774; x_wconf 81' lang='lat' dir='ltr'><strong>speciem</strong></span> <span class='ocrx_word' id='word_1_317' title='bbox 1451 1736 1626 1770; x_wconf 82' lang='lat' dir='ltr'><strong>contineant.</strong></span> 
     </span>
    </p>

    <p class='ocr_par' dir='ltr' id='par_1_9' title="bbox 273 1785 1785 1985">
     <span class='ocr_line' id='line_1_32' title="bbox 312 1785 1782 1833; baseline -0.009 -7"><span class='ocrx_word' id='word_1_318' title='bbox 312 1799 388 1827; x_wconf 82' lang='lat' dir='ltr'><strong>Vasa</strong></span> <span class='ocrx_word' id='word_1_319' title='bbox 411 1795 525 1833; x_wconf 71' lang='lat' dir='ltr'><strong>spii-alia</strong></span> <span class='ocrx_word' id='word_1_320' title='bbox 550 1794 670 1823; x_wconf 84' lang='lat' dir='ltr'><strong>maxima</strong></span> <span class='ocrx_word' id='word_1_321' title='bbox 689 1793 717 1822; x_wconf 90' lang='lat' dir='ltr'><strong>in</strong></span> <span class='ocrx_word' id='word_1_322' title='bbox 738 1799 862 1826; x_wconf 82' lang='lat' dir='ltr'><strong>trunco,</strong></span> <span class='ocrx_word' id='word_1_323' title='bbox 892 1790 1087 1826; x_wconf 84' lang='lat' dir='ltr'><strong>foliorumque</strong></span> <span class='ocrx_word' id='word_1_324' title='bbox 1109 1789 1244 1826; x_wconf 86' lang='lat' dir='ltr'><strong>petiolis,</strong></span> <span class='ocrx_word' id='word_1_325' title='bbox 1271 1788 1380 1817; x_wconf 87' lang='lat' dir='ltr'><strong>minora</strong></span> <span class='ocrx_word' id='word_1_326' title='bbox 1398 1787 1427 1816; x_wconf 92' lang='lat' dir='ltr'><strong>in</strong></span> <span class='ocrx_word' id='word_1_327' title='bbox 1447 1786 1546 1822; x_wconf 85' lang='lat' dir='ltr'><strong>foliis,</strong></span> <span class='ocrx_word' id='word_1_328' title='bbox 1573 1785 1694 1823; x_wconf 83' lang='lat' dir='ltr'><strong>petalis,</strong></span> <span class='ocrx_word' id='word_1_329' title='bbox 1720 1791 1782 1813; x_wconf 88' lang='lat' dir='ltr'><strong>cae-</strong></span> 
     </span>
     <span class='ocr_line' id='line_1_33' title="bbox 273 1837 1782 1884; baseline -0.009 -6"><span class='ocrx_word' id='word_1_330' title='bbox 273 1850 399 1884; x_wconf 79' lang='lat' dir='ltr'><strong>terisque</strong></span> <span class='ocrx_word' id='word_1_331' title='bbox 419 1845 641 1875; x_wconf 84' lang='lat' dir='ltr'><strong>inflorescentiae</strong></span> <span class='ocrx_word' id='word_1_332' title='bbox 660 1844 815 1883; x_wconf 83' lang='lat' dir='ltr'><strong>partibus,</strong></span> <span class='ocrx_word' id='word_1_333' title='bbox 837 1842 965 1871; x_wconf 90' lang='lat' dir='ltr'><strong>omnium</strong></span> <span class='ocrx_word' id='word_1_334' title='bbox 991 1840 1107 1870; x_wconf 87' lang='lat' dir='ltr'><strong>minima</strong></span> <span class='ocrx_word' id='word_1_335' title='bbox 1130 1840 1161 1870; x_wconf 90' lang='lat' dir='ltr'><strong>in</strong></span> <span class='ocrx_word' id='word_1_336' title='bbox 1183 1840 1307 1868; x_wconf 81' lang='lat' dir='ltr'><strong>radicum</strong></span> <span class='ocrx_word' id='word_1_337' title='bbox 1332 1838 1446 1867; x_wconf 83' lang='lat' dir='ltr'><strong>fibrillis</strong></span> <span class='ocrx_word' id='word_1_338' title='bbox 1468 1845 1497 1872; x_wconf 81' lang='lat' dir='ltr'><strong>et</strong></span> <span class='ocrx_word' id='word_1_339' title='bbox 1519 1838 1547 1866; x_wconf 89' lang='lat' dir='ltr'><strong>in</strong></span> <span class='ocrx_word' id='word_1_340' title='bbox 1566 1837 1696 1866; x_wconf 87' lang='lat' dir='ltr'><strong>funiculo</strong></span> <span class='ocrx_word' id='word_1_341' title='bbox 1719 1843 1782 1865; x_wconf 87' lang='lat' dir='ltr'><strong>um-</strong></span> 
     </span>
     <span class='ocr_line' id='line_1_34' title="bbox 275 1888 1780 1932; baseline -0.009 -2"><span class='ocrx_word' id='word_1_342' title='bbox 275 1900 395 1931; x_wconf 85' lang='lat' dir='ltr'><strong>bilicali.</strong></span> <span class='ocrx_word' id='word_1_343' title='bbox 437 1897 558 1926; x_wconf 85' lang='lat' dir='ltr'><strong>Minima</strong></span> <span class='ocrx_word' id='word_1_344' title='bbox 577 1896 605 1924; x_wconf 92' lang='lat' dir='ltr'><strong>in</strong></span> <span class='ocrx_word' id='word_1_345' title='bbox 628 1895 734 1932; x_wconf 85' lang='lat' dir='ltr'><strong>plantis</strong></span> <span class='ocrx_word' id='word_1_346' title='bbox 758 1893 1018 1931; x_wconf 79' lang='lat' dir='ltr'><strong>imperfectioribus</strong></span> <span class='ocrx_word' id='word_1_347' title='bbox 1042 1898 1216 1926; x_wconf 87' lang='lat' dir='ltr'><strong>occurrunt,</strong></span> <span class='ocrx_word' id='word_1_348' title='bbox 1246 1897 1278 1919; x_wconf 93' lang='lat' dir='ltr'><strong>ut</strong></span> <span class='ocrx_word' id='word_1_349' title='bbox 1303 1890 1332 1918; x_wconf 92' lang='lat' dir='ltr'><strong>in</strong></span> <span class='ocrx_word' id='word_1_350' title='bbox 1351 1889 1591 1926; x_wconf 82' lang='lat' dir='ltr'><strong>Jungermannia,</strong></span> <span class='ocrx_word' id='word_1_351' title='bbox 1620 1888 1780 1924; x_wconf 82' lang='lat' dir='ltr'><strong>Equiseto.</strong></span> 
     </span>
     <span class='ocr_line' id='line_1_35' title="bbox 277 1928 1785 1985; baseline -0.011 -2"><span class='ocrx_word' id='word_1_352' title='bbox 277 1954 308 1982; x_wconf 83' lang='lat' dir='ltr'><strong>&#39;m</strong></span> <span class='ocrx_word' id='word_1_353' title='bbox 329 1950 452 1985; x_wconf 81' lang='lat' dir='ltr'><strong>annuis,</strong></span> <span class='ocrx_word' id='word_1_354' title='bbox 473 1956 500 1977; x_wconf 77' lang='lat' dir='ltr'><strong>et</strong></span> <span class='ocrx_word' id='word_1_355' title='bbox 521 1946 697 1977; x_wconf 85' lang='lat' dir='ltr'><strong>succulentis</strong></span> <span class='ocrx_word' id='word_1_356' title='bbox 726 1946 848 1983; x_wconf 84' lang='lat' dir='ltr'><strong>majora,</strong></span> <span class='ocrx_word' id='word_1_357' title='bbox 871 1954 955 1982; x_wconf 89' lang='lat' dir='ltr'><strong>quam</strong></span> <span class='ocrx_word' id='word_1_358' title='bbox 978 1945 1007 1974; x_wconf 88' lang='lat' dir='ltr'><strong>in</strong></span> <span class='ocrx_word' id='word_1_359' title='bbox 1027 1943 1178 1972; x_wconf 84' lang='lat' dir='ltr'><strong>arboribus</strong></span> <span class='ocrx_word' id='word_1_360' title='bbox 1210 1949 1237 1970; x_wconf 87' lang='lat' dir='ltr'><strong>ct</strong></span> <span class='ocrx_word' id='word_1_361' title='bbox 1262 1939 1456 1978; x_wconf 77' lang='lat' dir='ltr'><strong>graminibu53</strong></span> <span class='ocrx_word' id='word_1_362' title='bbox 1485 1941 1652 1976; x_wconf 88' lang='lat' dir='ltr'><strong>plerumque</strong></span> <span class='ocrx_word' id='word_1_363' title='bbox 1673 1939 1704 1969; x_wconf 87' lang='lat' dir='ltr'><strong>in</strong></span> <span class='ocrx_word' id='word_1_364' title='bbox 1724 1928 1785 1977; x_wconf 48' lang='lat' dir='ltr'><strong>&#39;fas-</strong></span> 
     </span>
    </p>

    <p class='ocr_par' dir='ltr' id='par_1_10' title="bbox 1743 1999 1784 2019">
     <span class='ocr_line' id='line_1_36' title="bbox 1743 1999 1784 2019; baseline -0.049 0"><span class='ocrx_word' id='word_1_365' title='bbox 1743 1999 1784 2019; x_wconf 81' lang='lat' dir='ltr'><strong>cl·</strong></span> 
     </span>
    </p>
   </div>
   <div class='ocr_carea' id='block_1_5' title="bbox 1875 279 1887 287">
    <p class='ocr_par' dir='ltr' id='par_1_11' title="bbox 1875 279 1887 287">
     <span class='ocr_line' id='line_1_37' title="bbox 1875 279 1887 287; baseline 0 0"><span class='ocrx_word' id='word_1_366' title='bbox 1875 279 1887 287; x_wconf 61' lang='lat' dir='ltr'>a</span> 
     </span>
    </p>
   </div>
  </div>
 </body>
</html>
