1913 2427
663 137 1070 177 osarioz·
1557 150 1597 191 η·

122 238 204 271 stne
228 239 264 271 in
292 237 429 270 dubium
456 237 563 268 vocari
591 236 706 280 poterit
729 235 812 278 (’).”
857 238 940 266 Haec
969 236 1076 279 itaque
1106 233 1246 267 ineunda
1276 237 1335 268 erit
1363 237 1432 275 via,
1457 237 1520 281 qua
1550 239 1590 271 ad

121 297 223 340 ipsam
247 297 293 328 rei
319 302 464 327 naturam
479 318 489 332 ,
513 292 707 338 experientia
729 292 827 331 duce,
852 291 1115 334 cognoscendum
1137 292 1214 332 erit,
1237 293 1324 335 quod
1349 295 1383 325 in
1405 295 1494 325 omni
1513 301 1591 325 tem—

76 390 80 394 ·
122 363 201 397 pore
222 359 327 395 -atque
349 351 513 383 occasione
537 350 666 394 aequale
689 359 814 392 semper
837 349 894 386 sit,
916 348 1005 391 quod
1033 346 1188 390 subjectas
1214 349 1276 380 sibi
1302 350 1415 381 habeat
1442 351 1591 382 observa-

120 409 225 441 tiones
247 414 362 440 ‘rerum
395 419 469 439 vere
494 407 720 445 existentium,
740 406 857 449 pariter
880 415 955 435 cum
986 406 1132 436 examine
1159 404 1289 437 illorum
1317 408 1482 445 omnium,
1507 419 1590 451 quae

121 466 174 498 vel
196 464 412 508 Physiologia‚
436 464 487 495 vel
513 463 707 501 Anatomia,
730 468 785 493 aut
809 461 958 499 mnemia,
983 460 1094 492 afferre
1121 463 1257 504 poterit,
1281 463 1333 494 vel
1353 463 1480 495 tandem
1503 464 1592 507 quod

121 522 161 554 de
195 521 305 554 multis
335 520 548 565 peculiaribus
572 521 638 552 veri
661 519 803 552 nominis
821 519 1036 555 consectaneis
1061 528 1179 549 novam
1204 519 1446 562 conclusionem
1474 520 1593 552 abstra-

120 578 184 617 hit,
215 585 323 621 postea
350 589 426 609 vero
454 577 691 610 observationes
724 576 889 607 universas
921 575 1005 606 inter
1025 586 1058 606 se
1084 581 1262 618 comparat,
1283 576 1324 607 ad
1349 577 1589 609 inveniundum

119 635 258 679 lapidem
283 635 485 678 angularem,
507 645 574 678 quo
603 643 714 665 omnes
741 631 875 663 aedificii
902 638 1005 674 partes
1029 642 1114 662 nexu
1147 632 1324 663 arctissimo
1342 635 1591 676 conjungantur.

163 692 417 735 Experientiam‚
449 693 565 735 igitur,
589 690 764 722 medicinae
791 688 1036 720 fundamentum
1060 698 1290 730 agnoscamus,
1313 689 1368 720 sed
1393 700 1462 719 eam
1493 690 1595 720 solam

121 760 190 781 non
222 749 361 781 sufficere
390 755 580 788 statuamus,
602 749 808 789 conjunctam
841 755 918 776 vero
935 755 1010 775 cum
1027 744 1148 776 theoria
1164 745 1326 784 rationali,
1349 756 1429 788 quae
1448 745 1594 777 observa-

119 806 223 837 tiones
242 815 355 838 omnes
375 812 408 837 et
431 806 559 850 plenam
581 805 768 837 morborum
795 802 961 833 historiam
987 802 1070 832 inter
1099 812 1133 832 se
1157 807 1188 832 et
1209 812 1284 833 eum
1313 803 1470 845 praesenti
1503 813 1593 833 mor-

118 862 163 894 ho
189 869 368 906 comparat,
393 874 475 906 quae
495 863 611 895 solidas
640 864 796 899 rationes,
821 869 936 900 easque
963 857 1061 888 claras
1088 864 1117 888 et
1138 858 1341 900 perspicuas,
1365 859 1440 890 dare
1458 858 1592 898 valebit,

117 919 278 962 insignem
307 920 473 951 continere
502 920 692 958 utilitatem3
714 917 830 955 verbo,
855 915 949 946 talem
975 913 1142 945 laudemus
1168 916 1414 958 experientiam,
1436 927 1517 959 quae
1544 926 1596 946 so-

120 974 194 1007 lidis
221 975 397 1006 ratiociniis
417 977 585 1015 innititur,
607 987 688 1020 quae
713 986 772 1006 nec
796 972 957 1016 figmentis
982 970 1141 1013 subjecta,
1163 982 1270 1015 neque
1307 973 1397 1003 omni
1426 972 1504 1003 hora
1525 983 1595 1002 mu·

114 1030 238 1070 tabilis,
259 1030 315 1062 sed
341 1031 471 1062 scientia
484 1031 626 1063 hominis
641 1030 777 1070 medici,
799 1036 836 1061 ut
854 1030 898 1060 ita
912 1029 1034 1067 dicam,
1056 1034 1182 1059 aeterna
1198 1028 1410 1072 praedicatur.
1455 1041 1470 1056 «
1492 1028 1594 1059 Theo-

117 1101 133 1117 «
155 1088 201 1119 ria
216 1087 238 1119 ,’'
261 1093 345 1118 recte
367 1094 519 1119 monente
546 1098 719 1125 osonio,
744 1086 965 1128 «opinionum
982 1085 1172 1116 commentis
1188 1086 1425 1124 consarcinata,
1449 1084 1588 1128 fucoque

114 1157 131 1173 ι
154 1144 381 1186 hypothesium
412 1145 574 1187 exposita,
605 1143 664 1175 etsi
696 1143 839 1186 specioso
872 1141 985 1172 habitu
1022 1141 1159 1172 incautis
1190 1141 1346 1187 arrideat,
1379 1153 1447 1173 non
1483 1141 1589 1172 solum

118 1214 133 1230 α
155 1211 216 1231 usu
253 1206 355 1240 caret,
387 1200 442 1231 sed
466 1200 577 1232 multis
604 1200 702 1231 etiam
729 1198 834 1230 modis
861 1209 937 1229 cum
961 1198 1034 1237 arti,
1057 1203 1127 1228 tum
1151 1197 1284 1237 artifici,
1308 1198 1408 1231 obest.
1452 1199 1595 1237 Etenim,

114 1270 132 1286 α
153 1268 194 1288 ne
218 1256 322 1287 dicam
353 1257 387 1288 iu
408 1258 697 1300 contemptionem,
720 1255 783 1299 qua
808 1255 884 1286 satis
904 1265 1065 1297 superque
1082 1253 1222 1291 laborat,
1247 1253 1377 1293 adduci,
1403 1253 1591 1286 damnosius

113 1326 129 1342 ι
151 1313 213 1344 hoc
233 1319 299 1350 est,
321 1313 409 1355 quod
440 1313 618 1345 masculum
646 1311 727 1343 illud
757 1310 948 1343 observandi
969 1310 1130 1348 studium,
1155 1309 1318 1342 veteribus
1346 1317 1510 1354 tantopere
1534 1322 1590 1342 ex-

113 1381 129 1399 ιι
149 1368 291 1407 cultum,
322 1379 340 1400 a
368 1381 453 1413 quo,
485 1381 560 1401 cum
592 1370 674 1401 inter
698 1369 788 1399 initia
819 1367 954 1401 deducta
981 1374 1012 1398 et
1039 1367 1190 1410 deinceps
1217 1373 1308 1398 aucta
1333 1373 1380 1398 est
1403 1367 1588 1406 Medicina,

115 1437 130 1453 ι
153 1431 223 1456 tum
255 1424 416 1469 hodieque
448 1427 644 1458 incrementa
677 1436 788 1469 capere
817 1435 853 1456 ac
878 1423 989 1467 perfici
1012 1423 1127 1463 debet,
1151 1428 1240 1455 tanto
1266 1423 1330 1454 fere
1352 1424 1456 1466 magis
1480 1423 1592 1467 friges·

115 1493 131 1510 α
153 1488 221 1520 cat,
244 1488 365 1524 quanto
387 1483 648 1515 ratiocinatorum
680 1481 838 1525 ejusmodi
872 1480 1024 1511 fervidior
1045 1487 1092 1510 est
1117 1480 1157 1511 ad
1184 1480 1399 1522 argutandum
1422 1481 1587 1523 pruritus,

114 1550 129 1565 <t
151 1544 245 1580 atque
276 1539 310 1569 iu
337 1538 497 1581 fingendis
522 1538 754 1582 hypothesibus
780 1538 906 1568 licentia
922 1535 1132 1568 effrenatior?
1160 1535 1261 1578 (ἢ)
1291 1538 1378 1574 Imo,
1402 1536 1585 1576 Auditores,

114 1593 196 1625 hanc
215 1604 315 1625 unam
342 1606 516 1638 veramque
539 1596 643 1632 viam,
667 1605 748 1638 quae
773 1594 812 1625 ad
838 1600 956 1624 certam
981 1592 1146 1624 scientIam
1169 1592 1273 1631 ducit,
1296 1591 1418 1624 Medici
1439 1593 1506 1634 jam
1524 1593 1586 1623 ini-

113 1656 246 1689 verunt,
268 1661 368 1693 eaque
391 1662 515 1695 semper
541 1658 651 1694 postea
679 1650 820 1682 ineunda
844 1651 912 1684 erit.
958 1649 1139 1688 Iniverunt‚
1162 1649 1313 1692 inquam,
1336 1648 1405 1679 Viri
1421 1656 1586 1691 praestan.

113 1707 227 1743 tiores,
259 1708 339 1749 qui,
362 1707 453 1739 nullo
468 1709 632 1750 systemati
650 1708 857 1739 inservientes
871 1731 879 1744 ‚
901 1705 1072 1744 viderunt,
1094 1705 1182 1748 quod
1202 1712 1269 1737 erat
1288 1705 1578 1749 conspiciendum3

111 1763 184 1805 qui,
216 1764 363 1796 instructi
394 1765 524 1808 optimis
547 1764 739 1797 observandi
766 1762 949 1806 praesidiis,
974 1772 1048 1793 vera
1070 1773 1089 1793 a
1117 1761 1203 1794 falsis
1223 1762 1454 1801 distinxerunt,
1476 1763 1586 1794 omnia

1534 1829 1584 1849 1n—

124 1925 126 1928 v
150 1907 213 1944 (*)
234 1907 268 1938 E.
291 1907 414 1944 HORN.‚
436 1908 506 1937 szer
525 1908 582 1937 dett
603 1908 704 1936 Il'crtlz
725 1907 778 1936 der
802 1907 1023 1937 medizinischm
1043 1906 1239 1946 Erfahrung,
1263 1905 1325 1935 und
1343 1906 1413 1935 dher
1426 1905 1472 1935 die
1485 1905 1587 1935 Mitte}

106 1958 148 1995 fic
166 1968 207 1986 zu
231 1959 379 1996 erlangen.
420 1960 514 1990 Berlin
538 1961 622 1996 1807.
642 1959 675 1989 S.
698 1960 728 1989 8.
748 1967 808 1998 sqq.

148 2009 227 2048 (⁰)
247 2010 267 2041 l·
287 2020 311 2041 ⁶-
833 2048 863 2081 C
