1913 2427
690 118 1082 153 'ORA‘TIQ
1594 125 1643 154 ib-

160 220 228 252 lum
251 218 485 263 suspexissent,
511 215 754 260 stellarumque,
775 214 897 258 quibus
923 213 1004 247 illud
1018 219 1168 245 ornatum
1187 224 1222 245 ac
1240 212 1426 245 distinctum
1447 219 1509 253 cst,
1529 221 1559 246 et
1578 226 1631 246 er-

163 278 303 309 rantium
333 282 365 306 et
388 275 619 311 inerrantium,
643 280 728 305 ratos
754 279 863 303 motus
885 282 1062 314 cursusque
1086 272 1296 314 sempiternos
1318 270 1630 311 animadvertissent3

158 341 228 366 tum
252 334 286 364 in
313 332 398 364 illius
426 332 529 370 astri,
564 342 659 375 quem
696 330 795 362 solem
829 329 1044 372 appellamus,
1076 327 1340 360 conversionibus
1364 326 1509 362 stabilem
1542 328 1630 360 illam

159 401 195 422 ac
218 400 391 433 perennem
418 388 671 432 aequabilitatem
695 387 917 430 agnovissent,
947 397 1012 429 qua
1042 393 1172 417 aestates
1203 392 1234 417 et
1268 385 1388 417 hiemes
1424 385 1628 424 efficiuntur,

159 453 254 490 atque
282 454 400 483 terrae,
423 456 503 488 quas
525 445 718 483 incolimus,
741 450 796 475 aut
825 443 967 474 interdiu
993 442 1080 486 larga
1101 443 1171 474 luce
1194 442 1415 486 complentur,
1443 441 1503 475 aut'
1522 443 1632 486 spatiis

161 505 329 536 nocturnis
358 509 551 546 opacantur:
585 503 673 533 hunc
704 502 805 544 igitur
837 507 964 531 tantum
992 500 1139 531 omnium
1173 511 1281 532 rerum
1308 500 1454 532 ordinem
1482 507 1629 532 coustan-

161 561 302 603 tiamque
333 559 552 592 incredibilem
584 570 659 591 cum
692 558 870 596 vidissent,
900 559 1033 601 ejusque
1064 558 1110 588 rei
1134 557 1399 600 contemplationi
1425 568 1442 589 a
1462 557 1570 601 pueris
1600 567 1635 588 se

160 616 417 657 assuefecissent‚
442 619 508 661 ipsa
531 615 730 648 consuetudo
755 614 927 659 spectaculi
951 614 1229 646 admirabilitatem
1257 614 1410 654 elevavit,
1440 620 1477 646 ut
1504 613 1560 645 fati
1577 624 1635 656 po·

160 675 226 706 tius
248 675 449 714 necessitate,
481 686 579 718 quam
602 680 709 704 mente
729 679 761 705 et
787 672 921 704 consilio
940 673 1008 715 regi
1031 673 1139 703 omnia
1166 678 1261 714 atque
1285 672 1408 704 moveri
1436 671 1635 705 viderentur·

159 733 262 775 Impia
293 733 467 770 sententia,
497 732 612 763 fateor:
644 730 698 761 sed
732 736 838 761 tamen
861 741 899 760 ex
921 740 957 760 ea
982 728 1117 771 intelligi
1143 735 1265 772 potest,
1298 739 1396 772 quam
1422 728 1543 760 illustre
1570 729 1634 766 sit,

161 800 324 832 quamque
345 789 542 832 praeclarum
565 788 693 820 divinae
717 786 937 831 providentiae
960 785 1216 825 documentum,
1246 786 1334 829 quod
1360 797 1400 817 ex
1425 786 1551 828 generis
1574 785 1637 816 hu·

162 847 250 878 mani
277 845 408 878 historia
438 847 509 890 capi
533 846 622 878 solet.
668 846 735 877 Etsi
762 845 849 876 enim
869 854 985 886 magna
1004 843 1274 887 philosophorum
1302 842 1456 874 dissensio
1474 849 1538 882 est,
1561 853 1637 874 cum

159 901 213 933 alii
239 903 431 935 continuum
471 903 634 947 quendam
671 902 711 934 ab
751 900 941 933 hominibus
973 900 1013 931 ad
1040 911 1170 931 omnem
1203 899 1430 944 perfectionem
1462 899 1639 931 absolutio-

160 971 299 1003 nemque
321 971 525 1004 progressum
555 960 626 992 fieri
651 966 785 1004 putent,
808 958 863 989 alii
888 968 965 988 vero
986 958 1020 989 in
1041 968 1156 1000 gyrum
1176 968 1236 989 nos
1261 957 1471 1000 compellant,
1497 963 1534 988 ut
1554 967 1638 988 sem-

158 1027 216 1059 per
241 1017 374 1057 eodem,
395 1017 483 1049 unde
508 1017 641 1061 profecti
667 1018 785 1054 simus,
810 1024 976 1061 tamquam
990 1013 1136 1046 confecto
1164 1026 1284 1054 cursu,
1307 1014 1364 1047 fiat
1385 1015 1542 1052 reversio;
1561 1025 1639 1045 con-

157 1074 247 1104 venit
274 1080 380 1104 tamen
408 1066 491 1104 inter
516 1080 686 1116 utrosque,
708 1079 746 1104 ut
767 1080 946 1112 astrorum,
970 1078 1008 1103 ut
1032 1078 1279 1114 tempestatum,
1299 1078 1336 1102 ut
1363 1082 1474 1103 earum
1497 1070 1641 1114 denique

159 1140 285 1167 rerum,
321 1140 402 1173 quae
444 1137 527 1161 terra
566 1131 712 1173 marique
751 1131 929 1173 gignuntur
944 1153 954 1169 ‚
983 1131 1028 1161 sic
1064 1129 1189 1172 generis
1223 1128 1359 1160 humani
1376 1152 1385 1166 ,
1417 1127 1638 1160 admirabilem

160 1186 321 1230 quandam
340 1196 407 1218 esse
425 1186 628 1218 stabilitatem
650 1193 745 1230 atque
769 1187 993 1219 constantiam.
1037 1188 1077 1217 Et
1100 1186 1182 1216 mihi
1205 1185 1357 1228 quidem,
1380 1186 1439 1217 etsi
1457 1186 1492 1216 in
1518 1194 1638 1227 magna

160 1244 324 1287 opinionis
349 1245 556 1287 perversitate
579 1245 700 1275 versari
719 1243 892 1284 videntur,
918 1244 994 1287 qui,
1021 1254 1096 1275 cum
1118 1242 1216 1285 hujus
1247 1242 1465 1274 universitatis
1488 1249 1638 1273 ornatum

158 1307 190 1332 et
206 1302 395 1334 immensam
422 1301 680 1345 magnitudinem
708 1301 845 1341 vident,
875 1312 943 1332 non
967 1300 1176 1344 intelligunt,
1207 1311 1274 1332 esse
1299 1294 1440 1331 mentem
1470 1299 1638 1337 divinam,

158 1367 240 1400 quae
270 1359 347 1391 haec
368 1360 477 1391 omnia
497 1370 572 1391 cum
598 1359 850 1403 sapientisssimo
875 1358 1011 1390 consilio
1032 1358 1143 1389 molita
1167 1368 1203 1389 ac
1234 1357 1384 1389 fabricata
1412 1358 1471 1395 sit,
1493 1362 1562 1388 tum
1588 1356 1639 1387 in-

159 1415 303 1447 credibili
332 1417 365 1448 vi
398 1418 560 1448 contineat
583 1427 619 1447 ac
642 1423 789 1455 tueatur,
823 1423 932 1447 tamen
958 1415 1052 1446 iniis
1079 1415 1194 1454 rebus,
1227 1425 1309 1458 quae
1337 1420 1480 1457 expertes
1503 1413 1641 1445 rationis

159 1478 251 1511 sunt,
273 1484 340 1504 non
360 1475 497 1505 omnino
521 1473 611 1505 nulla
633 1472 764 1505 sortasse
788 1475 829 1505 sit
855 1475 973 1505 erroris
997 1473 1170 1504 excusatio.
1226 1474 1331 1512 Quam
1352 1478 1459 1502 autem
1485 1470 1637 1511 demens,

161 1538 259 1570 quam
288 1540 418 1570 excors,
439 1542 538 1574 quam
561 1541 629 1562 non
652 1530 770 1570 homo,
801 1531 856 1562 sed
885 1537 1019 1562 truncus
1042 1531 1100 1569 sit,
1133 1536 1274 1572 oportet,
1302 1529 1377 1572 qui,
1399 1539 1473 1559 cum
1499 1526 1640 1570 reliquas

158 1595 208 1616 res
235 1596 348 1618 omnes
371 1587 457 1618 fatali
481 1589 665 1620 necessitate
689 1589 859 1622 cohaerere
886 1599 921 1619 ac
942 1588 1066 1619 moveri
1091 1593 1200 1630 putet,
1222 1585 1332 1617 eadem
1361 1585 1535 1616 hominum
1556 1593 1638 1626 quo-

158 1651 225 1684 que
255 1643 338 1675 inter
373 1645 460 1687 ipsos
490 1647 672 1677 societatem
703 1653 909 1677 constrictam
943 1646 1043 1677 teneri
1079 1650 1111 1675 et
1145 1644 1398 1686 conglutinatam
1417 1665 1425 1681 ,
1453 1641 1637 1672 arbitretur.

160 1698 249 1738 Quid
272 1700 361 1731 enim
385 1708 440 1732 aut
467 1703 502 1733 in
525 1714 660 1746 corpore
683 1710 738 1734 aut
767 1704 801 1733 in
836 1704 946 1733 animo
977 1709 1044 1741 est,
1071 1703 1164 1744 cujus
1195 1701 1296 1744 magis
1323 1699 1417 1730 nobis
1449 1697 1568 1729 conscii
1595 1697 1638 1727 si-

160 1764 371 1799 mus‚-quam
395 1758 524 1801 judicii,
551 1771 648 1802 quam
673 1759 816 1799 arbitrii,
846 1770 944 1803 quam
973 1759 1166 1797 voluntem,
1197 1769 1295 1801 quam
1316 1757 1448 1788 rationis
1480 1754 1636 1797 denique,

161 1821 226 1854 qua
248 1812 331 1846 nihil
344 1815 534 1858 praeclarius
563 1817 675 1855 nobis,
701 1817 783 1848 nihil
805 1817 949 1848 divinius
972 1828 988 1848 a
1008 1818 1076 1848 Deo
1102 1815 1274 1846 immortali
1300 1821 1348 1845 est
1371 1812 1553 1845 tributum?
1590 1811 1637 1841 Si-

160 1877 200 1899 ve
229 1879 305 1912 ergo
339 1871 443 1915 aliqua
474 1873 682 1905 humanitatis
720 1881 803 1905 meta
825 1881 888 1911 est,
919 1873 958 1904 ad
985 1884 1082 1916 quarn
1115 1872 1263 1904 nondum
1290 1870 1551 1915 pervenerimus,
1580 1864 1636 1899 sed

162 1930 271 1956 tamen
291 1930 603 1973 appropinquemus,
626 1931 692 1962 sive
711 1942 747 1962 ea
770 1926 955 1962 conditione
976 1932 1008 1961 in
1039 1931 1099 1962 hoc
1122 1931 1204 1961 vitae
1231 1928 1392 1960 curriculo
1416 1924 1560 1959 collocati
1581 1933 1635 1953 su·
1680 1955 1683 1958 ¹

162 1990 255 2022 mus,
289 1990 326 2015 ut
353 1993 440 2019 certo
461 1994 492 2019 et
512 1988 669 2020 contiuuo
695 1988 782 2021 flexu
808 1988 1063 2031 circumagamur
1087 1988 1122 2020 iu
1150 1987 1281 2026 orbem,
1310 1996 1378 2018 non
1404 1981 1568 2027 profecm,
1598 1984 1638 2018 ΠΙ

1574 2032 1638 2077 cah
