1913 2427
590 178 1046 214 ’,οιῐΑΤῙαἵν
1538 185 1558 219 9

148 273 319 318 Magnifica
345 272 501 316 quaedam
529 283 599 311 res»,
623 274 660 306 A.
677 274 734 311 A„
761 272 821 304 ⁴sed
846 283 944 316 quam
971 270 1124 304 nonnulli
1153 269 1235 302 sorte
1262 270 1313 303 vel
1339 269 1468 307 utilem,
1503 270 1555 301 vel

83 333 292 367 necessariam
319 341 387 362 esse
412 319 586 373 negabunt.
645 329 772 369 Quibus
807 336 844 361 ut
872 340 1059 369 occurram,
1086 328 1278 371 complectar
1315 327 1434 365 brevi,
1466 327 1556 370 quod

82 389 209 428 sentio-‚⁴
226 388 378 420 disseram
397 387 556 431 pluribus.
599 389 681 419 Nam
703 393 739 418 ut
761 386 902 429 reliquae
927 393 1025 425 artes,
1047 396 1130 428 quae
1152 385 1284 428 ingenio
1307 391 1339 416 et
1355 384 1479 427 judicio
1500 385 1558 415 in·-

82 453 196 479 ventae
215 452 246 477 et
273 444 428 488 perfectae
445 451 543 482 sunt,
568 444 614 479 sio
646 455 751 487 neque
777 445 955 475 Literarum
986 442 1156 486 disciplina
1182 443 1302 485 percipi
1326 442 1394 472 sine
1415 448 1555 483 utroque

81 510 204 547 potest,
230 503 399 545 omnisque
424 502 458 532 in
483 512 521 532 eo
544 512 674 544 quoque
696 511 826 543 genere,
850 508 886 531 ut
916 502 949 531 in
973 499 1119 542 reliquis,
1150 498 1301 542 perfectio
1324 499 1341 528 a
1366 509 1551 529 caus-sarum

81 557 286 604 indagatione
308 564 342 590 et:
369 558 587 589 aestimatione
615 557 847 601 proficiscitur,
878 556 997 599 quibus
1026 555 1176 594 sublatis,
1198 555 1326 586 tollatur
1349 566 1475 586 necesse
1503 561 1551 586 est

82 621 115 646 et
136 615 199 645 veri
216 614 393 657 judicium,
422 622 453 647 et
477 615 582 658 pulcri
600 625 723 646 sensus.
776 614 881 646 Nolite
904 614 993 645 euim
1020 612 1184 652 dubitare,
1209 612 1307 643 ullam
1336 611 1554 654 capitaliorem

79 677 202 716 pestem
225 673 420 714 optimarum
444 673 562 703 artium
585 671 698 703 studiis
723 671 907 710 imminere,
938 679 1036 713 quam
1067 667 1274 713 opinionem,
1306 668 1483 711 quidquam
1509 667 1550 699 ab

79 728 281 765 aliis„actum
307 736 338 760 et
358 728 538 771 judicatum
563 740 650 768 esse,
673 728 771 772 'quod
804 728 911 759 denuo
944 737 1036 770 agere
1064 733 1096 758 et
1128 726 1293 769 explorare
1328 736 1452 756 necesse
1487 736 1554 756 ιωιι

81 786 137 816 sit:
162 792 197 816 ut
218 785 405 817 incredibile
432 787 492 824 sit,
517 793 677 830 quantum
706 785 890 816 detrimenti
913 785 1016 827 capiat
1046 794 1095 815 res
1116 783 1254 815 literaria
1294 783 1311 812 a
1340 781 1462 812 disertis
1492 781 1556 813 illis

81 843 212 874 inertiae
239 843 392 886 patronis.
437 844 556 875 Verum
582 842 623 874 ab
651 848 726 873 ortu
752 852 820 873 rem
847 848 1039 885 repetamus:
1074 842 1119 872 sic
1152 840 1240 872 enim
1273 840 1454 882 aptissimo,
1482 838 1555 881 οΡί·ι

78 911 158 939 nor,
180 907 211 931 et
239 906 429 943 argumento
453 907 485 932 et
505 900 653 943 exemplo
678 909 805 930 caussae
828 906 954 930 nostrae
981 905 1121 931 utemur.

144 958 225 988 Nam
240 980 249 996 ,
280 962 488 1000 posteaquam
519 957 633 989 Persici
661 956 736 987 belli
761 963 922 999 tempore,
952 962 983 987 et
1017 954 1233 987 crescentibus
1260 954 1362 997 magis
1389 952 1556 995 magisque

79 1013 246 1051 Athenis,
279 1012 381 1044 multa
411 1013 575 1047 literarum
605 1024 720 1056 genera
747 1013 912 1044 acerrimis
936 1022 1128 1056 magnorum
1156 1013 1302 1044 virorum
1328 1009 1442 1041 studiis
1468 1010 1560 1051 vige·

80 1077 153 1102 rent
184 1076 216 1101 et
241 1068 520 1112 frequentarentur
535 1093 557 1110 ,Ι
579 1071 613 1101 in
642 1070 755 1113 primis
784 1070 888 1112 poesis
927 1076 959 1100 et
989 1069 1194 1112 eloquentia,
1224 1067 1417 1109 simulatque
1445 1064 1560 1096 crebro

77 1127 197 1170 scripto
219 1126 402 1169 consignari
427 1133 578 1170 coeptum
602 1134 668 1165 est,
701 1126 862 1170 quidquid
891 1132 1012 1158 veteres
1038 1125 1100 1163 illi,
1129 1124 1181 1157 vel
1210 1125 1294 1164 otio,
1321 1123 1372 1155 vel
1396 1123 1558 1162 doctrina,

56 1183 130 1216 ‚vel
161 1183 298 1227 ingeniis
331 1182 546 1223 abundantes,
571 1182 710 1215 mirabili
740 1189 904 1214 venustate
930 1182 1134 1226 proferrent;
1163 1183 1331 1213 universae
1364 1178 1555 1213 eruditionis

77 1247 110 1274 et
128 1240 196 1272 vim
222 1247 254 1272 et
275 1238 411 1271 formam
432 1240 671 1283 dijudicandam
694 1241 833 1283 suscepit
853 1239 1078 1282 Philosophia,
1103 1242 1236 1282 poeseos
1263 1237 1402 1268 maxime
1429 1243 1557 1268 senten-

77 1297 137 1329 tias
165 1307 233 1329 non
257 1303 384 1328 tantum
408 1297 448 1329 de
475 1298 670 1340 gravissimis
694 1297 812 1335 rebus,
843 1296 898 1327 sed
925 1296 1021 1328 verba
1056 1296 1133 1327 item
1163 1295 1349 1338 diligentius
1375 1300 1557 1337 persecuta,

78 1365 220 1398 quorum
251 1364 330 1385 usus
356 1355 477 1397 quippe
508 1361 652 1386 remotus
682 1361 715 1386 et
740 1360 867 1397 spretus
900 1354 919 1384 ὲ
954 1341 1081 1396 vulgari
1115 1351 1348 1384 consuetudine
1378 1357 1409 1382 et
1440 1350 1557 1382 intelli-

79 1411 202 1455 gentia,
237 1410 463 1454 philosopham
480 1411 665 1454 quamdam
698 1411 994 1454 interpretationem
1029 1409 1211 1452 postulabat
1227 1433 1238 1447 ‚
1275 1419 1356 1452 quae
1391 1408 1559 1440 notionem

78 1467 130 1499 vel
161 1466 340 1498 involutam
370 1467 568 1511 explicaret,
600 1468 650 1499 vel
683 1467 835 1499 latentem
873 1466 1029 1510 proferret
1056 1467 1090 1497 in
1128 1466 1243 1506 lucem.
1300 1465 1397 1505 Quod
1431 1471 1559 1496 auctore

78 1526 205 1560 Socrate
228 1523 314 1567 apud
344 1524 614 1568 Xenophontem,
638 1531 669 1556 et
692 1525 861 1568 praecipue
893 1523 980 1566 apud
1011 1523 1194 1562 Platonem,
1223 1523 1425 1560 institutum,
1457 1522 1559 1552 incre·

78 1581 220 1620 dibiliter
241 1580 448 1624 amplificavit
471 1581 655 1614 Aristoteles
677 1588 708 1612 et
732 1580 948 1624 Peripatetici,
972 1581 1050 1624 qui,
1069 1581 1158 1624 quod
1183 1587 1274 1612 erant
1297 1580 1337 1611 ad
1361 1588 1491 1610 omnem
1509 1578 1557 1609 in-

77 1638 320 1681 yestigationem
346 1639 482 1676 curiosi,
516 1644 682 1681 praecepta
708 1637 927 1674 tradiderunt,
962 1648 1037 1668 cum
1073 1638 1234 1680 poetices,
1269 1643 1337 1668 tum
1366 1635 1556 1673 rhetorices,

78 1706 218 1740 quorum
255 1695 410 1727 sententia
444 1696 597 1726 Veterum
630 1694 853 1726 observatione
886 1693 1059 1726 nitebatur.
1121 1694 1309 1733 Videtisne,
1339 1696 1376 1724 A.
1392 1696 1432 1724 A.
1453 1715 1465 1732 ,
1492 1693 1559 1735 jam

80 1759 153 1796 post
186 1753 291 1796 ipsum
318 1749 382 1782 sere
406 1750 572 1782 literarum
609 1757 717 1782 ortum
745 1752 848 1794 prisca
876 1758 1085 1782 monumenta
1124 1751 1316 1782 doctissimis
1352 1749 1430 1781 viris
1459 1754 1558 1779 mate-

82 1806 161 1837 riam
189 1807 364 1847 exstitisse,
395 1809 429 1839 in
452 1819 516 1852 qua
543 1808 766 1847 elaborarent,
798 1808 914 1851 partim
942 1808 1196 1851 interpretanda,
1222 1808 1337 1850 partim
1364 1805 1559 1848 judicanda?

81 1864 201 1894 Verum
235 1875 273 1895 ex
305 1865 459 1897 celebrata
486 1865 539 1896 illa
566 1871 698 1908 parente
730 1873 761 1895 et
789 1865 998 1908 procreatrice
1033 1865 1228 1908 reliquarum
1265 1865 1382 1896 artium
1421 1862 1560 1894 laudata-

81 1931 178 1959 rum,
202 1933 304 1964 quum
328 1922 503 1953 multorum
528 1921 633 1953 studia
657 1928 958 1960 commoverentur,
981 1922 1039 1964 qui
1063 1922 1132 1964 pari
1156 1922 1303 1964 ingenio,
1332 1920 1387 1951 sed
1412 1918 1559 1950 dissimili

85 1977 270 2017 voluntate,
297 1980 331 2010 in
359 1978 571 2010 diversissima
596 1978 737 2018 abirent,
768 1979 935 2010 vinculum
959 1977 1039 2009 illud
1070 1979 1236 2010 universae
1261 1978 1424 2009 doctrinae
1448 1982 1479 2007 et
1504 1975 1566 2006 elc-

82 2035 208 2078 gantiae
235 2046 308 2067 cum
339 2035 560 2080 percipiendae
593 2042 663 2069 tum
698 2036 936 2074 aestimandae,
967 2036 1076 2068 animo
1103 2036 1160 2079 qui
1196 2035 1433 2079 suspicarentur
1468 2031 1563 2064 multi

903 2095 927 2125 B
1504 2086 1566 2118 sue·
