1913 2427
357 135 835 172 DISSERTATIO
900 133 1440 167 PHILOSOPHICA.
1641 139 1667 179 77

144 249 165 268 „
184 227 326 261 niensium
343 225 563 263 optimatibus,
587 222 788 253 Mithridatico
803 221 898 256 bello,
919 222 1008 250 domo
1025 221 1223 258 profugisset,
1243 220 1426 256 Romamque
1447 221 1589 256 venisset,
1611 226 1657 249 to-

143 301 164 319 „
183 288 245 310 tum
264 279 290 308 ei
310 287 355 307 me
374 277 497 312 tradidi,
523 275 681 306 admirabili
699 275 823 311 quodam
839 274 874 302 ad
888 273 1107 310 Philosophiam
1125 272 1224 302 studio
1248 271 1450 301 concitatus.”
1472 271 1550 300 conf.
1575 271 1659 301 Plut-

139 335 206 365 vita
229 332 290 361 Cic.
320 339 350 360 c.
371 339 401 367 3..
440 328 553 358 Exinde
574 336 650 357 anno
674 327 773 356 aetatis
800 337 836 364 27
852 349 862 363 ,
892 328 1073 358 orationibus
1103 329 1216 363 aliquot
1243 326 1410 355 forensibus
1443 326 1500 363 jam
1530 324 1637 354 habitis
1650 345 1666 361 ‚,

139 386 272 417 Athenas
293 383 443 421 profectus
472 402 491 418 ‚‚
506 390 572 410 cum
592 390 626 410 eo
647 383 741 417 (sunt
763 380 856 409 Tullii
876 380 982 418 verba)
1006 379 1167 415 venissem,
1198 386 1247 407 sex
1268 386 1380 406 menses
1409 385 1476 406 cum
1502 377 1669 417 Antiocho,⁴

140 454 167 474 s„
181 436 295 465 Veteris
313 434 484 464 'Academiae
507 433 692 463 nobilissimo
714 437 745 460 et
762 434 989 468 prudentissimo
1005 432 1205 468 Philosopho,
1226 430 1289 466 fui,
1318 429 1507 465 studiumque
1527 428 1662 457 Philoso-

141 507 162 525 „
179 487 265 524 phiae
283 493 432 522 nunquam
458 484 674 519 intermissum,
701 491 716 511 a
739 483 891 520 primaque
912 484 1103 514 adolescentia
1126 484 1238 512 cultum
1256 488 1285 511 et
1306 490 1421 518 semper
1436 486 1575 514 auctum,
1602 479 1663 508 hoe

137 558 158 575 ‚‚
177 545 279 567 rursus
302 545 416 566 summo
436 543 552 566 auctore
573 543 601 564 et
621 536 739 564 doctore
771 537 920 564 renovavi.
937 535 956 548 ”
984 536 1092 569 (Brut.
1113 536 1186 571 91.)
1213 533 1295 562 conf.
1318 533 1400 563 Plut.
1430 533 1467 570 ej.
1494 532 1554 560 vita
1582 539 1610 559 c.
1629 539 1659 566 4.

137 589 280 620 Praeterea
298 589 356 625 jam
376 593 456 617 antea
479 607 497 622 „
510 595 584 616 eram
599 594 665 616 cum
687 585 788 616 Stoico
807 587 952 623 Diodoto,
975 587 1135 623 qui,.cum
1148 585 1335 614 habitavisset
1351 584 1428 621 apud
1451 592 1515 619 me,
1535 590 1663 611 mecum*-

140 658 162 677 ,‚
183 648 240 676 que
264 639 404 674 vittisset,
424 640 475 667 diu
496 645 566 675 post
588 643 631 666 est
655 637 733 666 domi
755 634 830 667 mea'e
852 646 1003 675 mortuu53
1026 647 1042 668 a
1062 647 1138 675 quo,
1160 646 1227 666 cum
1251 637 1282 666 in
1301 636 1365 665 aliis
1392 636 1496 671 rebus,
1517 641 1581 664 tum
1601 641 1663 663 stu-

140 713 161 730 „
181 692 346 722 diosissime
369 692 399 720 in
422 690 570 720 dialectica
592 689 780 718 exercebas.”
801 690 912 727 (Brut.
936 695 1010 728 90.)
1049 689 1174 718 Athenis
1199 689 1264 718 inde
1291 696 1342 725 per
1365 687 1465 717 Asiam
1488 687 1588 715 itinere
1611 685 1656 714 in-

137 744 264 780 stituto,
285 743 388 773 Rhodi<
399 742 582 771 Posidonium
602 741 686 770 etiam
701 761 714 777 ,
739 741 957 771 nobilissimum
976 740 1126 776 Stoicum,
1155 739 1306 775 visitavit3
1329 739 1434 776 (Plut.
1457 738 1529 767 ibid.
1555 747 1582 766 c.
1606 737 1664 774 4.)

88 798 91 801 '
136 803 197 832 quo
224 804 260 831 17
283 795 365 824 annis
393 801 463 831 post
489 793 634 830 significat
660 792 726 831 (ad
748 793 814 823 Att.
841 793 878 822 Π.
903 795 955 831 r.)
980 801 1043 821 sese
1073 800 1124 829 per
1145 792 1254 820 litteras
1285 790 1461 820 familiariter
1491 789 1584 818 adhuc
1609 787 1664 818 uti.

137 846 257 886 Quanto
281 847 380 876 ardore
402 847 460 884 jam
482 851 547 874 ante
562 845 758 875 Consulatum
782 845 884 874 omnia·
902 845 964 874 fere
989 844 1045 873 sibi
1073 844 1103 873 in
1124 844 1331 880 Philosophiae
1354 843 1454 872 studio
1477 842 1587 879 posita·-
1602 846 1666 869 esse

136 897 325 933 existimarit,
345 896 375 925 in
400 905 493 933 eoque
516 903 673 925 recreatum
697 906 729 927 se
748 897 903 934 aliquando
928 896 964 925 iri
984 905 1019 925 ex
1047 896 1122 925 vitae
1152 895 1301 925 laboribus
1330 899 1358 923 et
1382 893 1538 931 procellis,
1568 891 1661 920 decla.-

136 955 201 979 rant
211 949 363 988 Epistolac
377 948 419 977 ad
431 948 503 979 Att.
522 950 547 978 1.
567 957 598 984 4.
620 956 648 984 5.
670 949 699 978 6.
721 957 752 986 7.
774 951 802 979 8.
824 957 854 986 9.
875 948 905 977 in
921 948 1028 984 quibus
1042 948 1076 976 de
1093 947 1245 977 Academia
1260 955 1312 975 sua
1329 946 1386 983 (de
1402 954 1459 982 qua
1481 943 1563 973 conf.
1580 943 1662 973 Plin-

135 1000 178 1030 H.
192 1001 234 1031 Ν.
251 1001 358 1030 XXXI.
377 1001 433 1037 3.)
456 1008 507 1029 seu
521 1000 587 1029 loco
603 1001 639 1029 ad
654 1001 877 1038 philosophicas
900 999 1116 1029 lucubrationes
1142 999 1205 1028 sive
1221 997 1432 1035 disputationes
1453 996 1607 1032 adaptato,
1627 993 1664 1022 ad

137 1052 255 1089 effigiem
279 1051 450 1080 Academiae
469 1051 657 1088 Platonicae,
676 1053 814 1089 porticu,
835 1051 948 1089 xystis,
975 1051 1104 1087 exedris,
1130 1051 1195 1079 aliis
1220 1050 1397 1080 ornamentis
1426 1049 1594 1083 instructo,
1616 1047 1660 1075 lo-

136 1103 257 1139 quitur,
278 1104 366 1141 qu’us
382 1104 596 1133 exornationem
609 1103 735 1140 statuis,
757 1103 849 1141 signis
865 1124 876 1140 ‚
897 1103 1096 1139 Bibliotheca,
1122 1102 1157 1131 ab
1174 1101 1256 1132 amici
1280 1101 1419 1139 elegantia
1439 1104 1607 1136 exspectat,
1629 1103 1660 1126 et

131 1154 597 1193 &impatienter-exquiritrquippe
615 1156 645 1184 in
660 1163 717 1192 qua
732 1163 873 1191 „omnem
892 1163 972 1192 spem
989 1154 1186 1184 delectationis
1205 1161 1292 1190 suae,
1313 1160 1399 1191 quam
1411 1174 1422 1189 ‚
1439 1156 1505 1182 cum
1516 1152 1552 1180 'in
1566 1149 1664 1180 otium

135 1222 156 1244 5,
175 1207 323 1244 venisset,
340 1208 444 1238 habete
464 1207 602 1244 volebat,
623 1207 748 1245 positam
773 1208 908 1237 habebat.
922 1207 942 1220 ”
971 1207 1064 1245 (ibid.
1089 1207 1148 1245 Ep.
1168 1215 1197 1243 7.
1218 1206 1299 1236 conf.
1317 1205 1351 1235 de
1370 1205 1457 1234 Orat.
1474 1203 1498 1235 1.
1519 1203 1575 1239 10)
1611 1200 1664 1230 ΕΦ

132 1258 221 1287 nodo
240 1265 302 1287 tum
323 1260 401 1296 jam,
422 1260 452 1289 in
471 1260 537 1296 ipso
553 1261 708 1290 crescentis
728 1259 833 1299 gloriae
855 1259 993 1297 fastigio,
1017 1259 1091 1288 nihil
1114 1259 1204 1296 magis
1226 1258 1283 1287 sibi
1301 1258 1439 1295 parabat,
1467 1262 1584 1291 tamque
1608 1254 1664 1283 lm,-

118 1315 226 1345 rpense
246 1307 449 1345 desiderabat,
473 1318 560 1346 quaxn
588 1311 701 1348 otium,
731 1311 837 1340 studiis
859 1311 1049 1348 potissimum
1080 1309 1288 1347 Philosophiae
1320 1292 1496 1343 addietum,
1523 1307 1669 1344 digneque

133 1366 314 1390 exornatum.

168 1411 319 1450 Quantum
332 1412 459 1448 denique
469 1434 479 1449 ,
501 1414 531 1442 in
544 1413 709 1450 Republica
722 1414 863 1451 gerenda,
883 1413 914 1442 in
934 1413 1000 1450 ipso
1015 1412 1186 1450 gravissimo
1201 1412 1388 1446 Consulatu,
1410 1407 1596 1447 philosophis
1612 1405 1664 1433 tri-

132 1462 249 1498 buerit,
271 1468 299 1492 et
318 1465 469 1499 quomodo
491 1465 528 1493 iis
547 1473 578 1493 se
600 1465 747 1494 tradiderit
776 1471 892 1500 totum,
920 1473 954 1494 ex
976 1464 1137 1493 Plutarcho
1163 1461 1313 1492 novimus.
1355 1460 1460 1496 Captis
1481 1458 1556 1487 enim
1581 1455 1664 1485 Cati-

135 1513 252 1543 sisariae
265 1515 477 1551 conjurationis
501 1516 612 1552 sociis,
628 1516 804 1546 dubitantem
816 1537 826 1553 ,
849 1517 993 1552 quodnam
1011 1515 1167 1544 consilium
1184 1514 1284 1548 iniret,
1313 1512 1496 1546 Ciceronem,
1526 1529 1544 1545 ‚,
1562 1514 1662 1537 contra

136 1578 157 1601 3,
175 1565 364 1602 conjuratim,
387 1565 509 1602 (inquit
524 1567 605 1597 Plut.
630 1576 657 1596 c.
674 1578 722 1597 ρο.
734 1571 748 1604 >
771 1568 958 1603 „incitarunt
974 1567 1105 1604 Quintus
1121 1565 1208 1594 frater
1221 1572 1248 1594 et
1272 1565 1309 1594 P.
1326 1563 1491 1601 Nigidius,
1513 1556 1664 1588 communi

136 1629 158 1650 ·„
173 1615 382 1653 Philosophiae
399 1618 500 1647 studio
522 1619 801 1656 conjunctissimus,
823 1628 878 1657 quo
903 1624 930 1646 et
947 1618 1110 1656 plurimam
1137 1618 1277 1646 utebatur
1302 1617 1334 1645 in
1352 1615 1478 1654 publicis
1501 1608 1663 1649 negotiis.”

135 1666 212 1696 Idem
239 1667 339 1703 prodit
369 1668 447 1697 Geli.
477 1669 528 1698 Xl.
553 1679 600 1699 11.
648 1670 715 1700 Fuit
741 1677 837 1699 autem
872 1670 1015 1708 Nigidius
1046 1669 1168 1707 Figulus
1203 1668 1404 1704 Philosophus
1428 1663 1661 1701 Pythagoricus,

135 1719 236 1748 eximia
259 1720 391 1749 doctrina
409 1721 554 1759 insignis,
580 1723 666 1760 cujus
683 1723 848 1753 testimonia
871 1723 1006 1760 praebent
1026 1721 1102 1752 Geli.
1127 1721 1149 1751 l.
1174 1729 1200 1750 c.
1225 1727 1253 1749 et
1278 1721 1316 1748 X.
1338 1727 1406 1753 ιω,
1432 1714 1568 1744 Macrob.
1591 1712 1658 1740 Sat.

133 1769 186 1800 Vl.
201 1773 228 1801 8.
269 1771 330 1801 Cic.
348 1772 384 1801 de
404 1775 484 1804 univ.
505 1783 534 1803 c.
559 1783 602 1803 1.:
626 1781 713 1811 atque
738 1770 902 1812 idipsum,
925 1780 1065 1811 quantum
1086 1773 1127 1801 illi
1146 1772 1329 1809 philosopho
1345 1767 1504 1801 tribuerit,
1529 1765 1662 1800 luculen-

134 1827 180 1851 ter
189 1823 311 1852 declarat
329 1823 424 1860 ipsius
437 1825 582 1854 Ciceronis
594 1827 628 1855 ad
645 1827 801 1865 Nigidium
814 1827 963 1863 Epistola.
985 1825 1050 1862 (ad
1067 1824 1135 1853 Div.
1155 1823 1207 1853 IV.
1225 1823 1299 1860 13.)
1320 1836 1358 1844 —
1372 1817 1559 1849 Familiariter
1571 1814 1658 1844 etiam

134 1872 234 1902 &cero
250 1874 384 1903 utebatur
405 1875 562 1915 Cratippo,
590 1878 800 1914 Peripatetico,
826 1882 910 1914 quem
934 1876 1093 1913 principem
1111 1875 1206 1912 'huJus
1239 1873 1337 1902 aetatis
1369 1868 1580 1906 Philosophum
1612 1875 1662 1902 ap·

132 1924 240 1960 pellat,
262 1925 297 1954 de
319 1926 422 1964 Officiis
444 1927 496 1956 111.
512 1938 539 1958 2.
563 1928 642 1958 conf.
660 1929 694 1957 de
715 1928 821 1960 Divin.
842 1929 865 1960 Ι,
883 1938 910 1967 3.
930 1937 978 1966 31.
1019 1927 1199 1957 Plutarchus
1215 1925 1274 1956 vita
1296 1924 1355 1956 Cic.
1373 1932 1403 1954 c.
1424 1930 1475 1958 ²4·
1515 1919 1661 1950 Ciceronis

135 1973 190 2007 filii
210 1975 366 2013 Epistola,
388 1977 447 2016 Ep.
470 1978 514 2008 ad
531 1978 602 2010 Div.
625 1980 705 2010 XVI.
727 1989 775 2012 21.
1637 2017 1666 2048 A

1611 2024 1637 2049 t-
