1913 2427
511 123 992 156 DrssERTATIO
1057 125 1333 162 MEDICA.
1638 145 1674 171 ιι

162 217 337 254 distinguere
354 215 447 249 valet,
468 220 518 241 nec
536 212 681 247 quomodo
707 221 721 240 a
745 220 774 240 se
797 210 916 239 in-icem
935 211 1092 248 pendeant,
1113 213 1305 245 Indicationes
1327 218 1384 248 sibi
1405 219 1523 259 format,
1545 232 1580 254 ex
1600 226 1671 256 sim-

158 271 230 309 Plici
249 269 465 305 phaenomth
497 265 611 299 hocque
631 265 847 299 phaenomenon
872 269 971 297 curat,
996 272 1055 293 non
1087 268 1219 296 morbum
1251 269 1360 306 ipsum.
1401 273 1545 305 Diffcrunt
1575 285 1670 309 autem

157 322 239 358 signa
264 318 428 347 morborum
454 316 526 344 inter
546 324 593 352 se3
626 322 751 350 suntque
769 315 840 349 alia,
870 322 994 349 quorum
1015 325 1151 354 caussae,
1182 321 1309 357 quidque
1330 323 1473 361 indicent,
1503 336 1537 356 ex
1562 330 1670 365 prInci-

157 372 216 410 piis
242 368 455 406 physiologicis
484 373 511 395 et
532 366 728 403 Pathologicis
756 366 816 394 erui
847 373 971 402 possunt
1000 374 1027 395 et
1057 370 1212 407 explicar13
1242 373 1296 402 alia
1320 383 1406 412 vero,
1434 386 1507 413 quae
1535 382 1672 417 empirice

158 429 268 453 tantum
292 419 511 457 cognoscimus.
553 418 736 454 Experientia
758 418 832 446 enim
855 418 973 454 docuit,
993 427 1068 450 certa
1088 423 1189 459 signa,
1217 431 1366 462 certasque
1386 428 1535 465 signorum
1562 434 1649 463 series
1657 455 1668 471 ,

156 482 267 510 semper
285 471 477 500 concomitare
499 469 642 498 definitam
661 469 811 505 quamdam
833 471 1028 500 conditionem
1061 474 1243 511 morbosam,
1273 485 1301 506 et
1321 479 1446 510 indicare
1469 491 1573 513 certam
1600 486 1670 515 huic

155 524 287 554 medendi
316 524 504 558 methodum;
533 521 598 550 licet
626 527 719 549 tamen
755 529 814 550 non
847 521 1041 559 intelligamus
1070 526 1254 557 sufficientem
1286 531 1423 560 rationem
1457 533 1559 563 horum
1587 536 1671 566 effec-

154 581 257 609 tuum,
281 583 332 604 nec
353 575 446 611 ipsius
470 573 608 602 Indicatae
629 572 767 601 methodi.
813 572 946 609 Suntque
967 578 1077 605 tandem
1100 579 1172 614 alia,
1202 589 1274 615 quae
1291 590 1350 610 non
1372 583 1410 612 ita
1428 585 1502 613 clare
1524 586 1671 616 observari

155 633 299 664 possunt,
317 633 349 655 ut
370 634 506 654 sensuum
528 625 640 661 opede
654 633 752 653 eorum
774 625 932 661 praesentia
952 633 1029 657 certo
1046 636 1177 658 constare
1193 633 1308 668 possit3
1331 642 1396 662 cum
1412 643 1470 664 non
1491 644 1575 673 raro,
1596 647 1671 675 quae

155 678 187 708 in
208 686 292 715 aegro
314 684 421 706 mutata
443 682 529 711 sunt,
553 681 602 704 aut
634 676 715 712 signa
744 685 804 705 non
835 679 989 715 praebent,
1020 681 1127 716 quibus
1158 691 1396 719 cognoscuntur3
1427 694 1476 715 aut
1499 688 1567 717 haec
1587 691 1669 726 signa

158 731 229 763 adeo
256 730 371 759 caeteris
404 738 434 758 se
461 729 659 764 immisceant,
686 735 719 757 ut
747 729 781 758 ab
815 730 851 759 iis
878 731 928 760 vix
954 731 1094 769 distmgui
1128 740 1252 770 queant,
1280 743 1329 764 aut
1359 737 1424 766 aliis
1448 739 1557 768 morbis
1579 749 1670 778 aeque

152 782 270 820 propria
286 782 362 816 sint,
383 789 456 816 nec,
480 780 551 816 quid
572 779 734 809 faciendum
757 781 898 819 indicent,
919 785 993 812 clare
1015 791 1186 814 monstrent.

193 834 285 862 Hisce
309 842 376 870 ergo
398 833 428 861 in
454 832 588 867 casibus,
610 832 666 861 nisi
690 833 743 861 rite
760 832 851 862 factae
876 835 1071 865 observationi
1089 837 1167 873 J'usta
1184 837 1299 866 accedat
1317 838 1516 877 ratiocinatio,
1537 851 1590 872 nec
1609 852 1673 880 per·

152 885 247 915 veniet
271 884 407 913 Medicus
424 884 460 912 ad
483 884 665 920 detegendam
687 892 818 914 caussam
844 887 959 923 morbi,
988 896 1040 916 nec
1059 889 1093 916 ad
1117 889 1313 919 inveniendam
1334 891 1498 921 rationalem
1521 896 1673 930 quamdam

153 936 284 966 medendi
315 935 494 964 methodum.
535 935 569 965 In
587 935 645 964 illis
669 942 763 965 autem
780 959 790 974 ‚
820 938 871 967 ubi
894 939 1031 975 empirice
1054 939 1089 968 ad
1113 940 1267 977 diagnosin
1297 943 1486 980 morborum,
1512 954 1672 983 eorumque

151 995 270 1022 curam,
291 986 493 1022 pervenimus3
510 986 558 1015 ,ibi
576 995 679 1023 saepe,
700 997 752 1017 nec
774 990 939 1026 justissima
959 991 1140 1021 ratiocinatio
1168 993 1258 1022 ullius
1285 1002 1357 1023 usus
1378 1002 1441 1031 est,
1467 1004 1519 1025 nec
1544 999 1589 1026 vel
1607 1007 1674 1028 acu-

151 1039 286 1068 tissimus
310 1038 373 1074 ipse
403 1046 436 1067 eo
457 1038 604 1074 pervenit,
630 1045 663 1067 ut
690 1048 840 1078 accurate,
869 1049 1009 1079 quantum
1033 1044 1150 1080 possit,
1179 1044 1339 1074 observatis
1368 1047 1593 1085 phaenomenis,
1625 1058 1675 1080 eo·

151 1097 275 1125 rumque
295 1089 521 1125 conjunctione,
543 1098 675 1119 caussam
698 1091 792 1121 morbi
823 1093 946 1131 detegat.
991 1113 1009 1130 ,‚
1030 1093 1165 1133 Origines
1195 1105 1319 1133 namque
1347 1099 1515 1128 morborum
1541 1106 1569 1128 et
1593 1108 1676 1131 caus-

153 1158 174 1176 „
193 1147 242 1168 sae
268 1140 355 1176 longe
384 1139 577 1174 abstrusiores
597 1147 683 1177 sunt,
712 1149 799 1177 quam
823 1151 857 1172 ut
879 1144 1018 1175 humanae
1047 1148 1152 1176 mentis
1175 1149 1249 1178 acies
1270 1157 1304 1178 eo
1330 1158 1422 1186 usque
1442 1158 1587 1186 penetrare
1607 1161 1676 1189 pos-

152 1210 174 1228 „
194 1191 234 1220 sit
254 1191 350 1229 (17).
361 1190 381 1204 '’
421 1191 482 1221 Nec
505 1198 600 1222 tamen
624 1194 832 1230 desperandum
858 1195 892 1223 de
914 1204 983 1225 cura
1005 1197 1118 1235 morbi;
1146 1199 1209 1236 ipsa
1231 1199 1305 1228 enim
1326 1199 1437 1229 Natura
1457 1202 1531 1230 viam
1548 1202 1676 1240 indicat,

150 1249 238 1279 quam
261 1245 286 1272 si
306 1253 483 1282 sequamur,
504 1244 674 1275 felicissimo
698 1253 775 1276 certe
792 1254 898 1276 eventu
922 1257 988 1277 cura
1010 1250 1164 1285 procedet,
1190 1250 1256 1279 licet
1281 1252 1369 1288 hujus
1388 1252 1527 1281 rationem
1548 1262 1607 1282 non
1628 1263 1678 1291 pe-

149 1292 231 1321 nitus
260 1296 481 1329 perspiciamus.
528 1297 657 1326 Naturae
691 1297 766 1326 enim
795 1298 916 1327 monitis
946 1302 1128 1336 parendum,
1160 1308 1188 1330 et
1216 1302 1284 1338 licet
1320 1308 1437 1338 captum
1467 1311 1599 1333 nostrum
1629 1304 1678 1333 fu·

150 1343 258 1381 giam,
289 1344 385 1373 itidem
416 1345 584 1381 parendum.
635 1365 654 1382 ,‚
671 1346 736 1375 Viri
761 1348 925 1377 doctissimi
943 1348 982 1385 ,⁵²
1023 1350 1063 1380 ita
1090 1351 1165 1380 enim
1198 1351 1238 1381 ait
1274 1352 1453 1391 Baglivius‚
1487 1375 1506 1389 „
1527 1363 1592 1383 cum
1623 1355 1673 1384 diu

151 1414 170 1432 „
190 1394 298 1424 frustra
319 1395 482 1425 insudarint
503 1396 534 1425 in
556 1399 758 1434 cognoscenda
779 1407 880 1428 caussa
897 1401 1043 1437 proxima,
1064 1403 1251 1432 decreverunt
1274 1405 1407 1440 tandem,
1428 1405 1584 1433 dummodo
1602 1413 1672 1435 con-

150 1465 170 1482 „
190 1453 298 1482 staret,
327 1446 687 1482 quibusindicationibus
716 1456 743 1478 et
772 1451 902 1479 remediis
930 1454 1073 1482 curandus
1101 1454 1139 1482 sit
1167 1454 1306 1489 morbus,
1332 1463 1432 1490 parum
1464 1454 1612 1491 conferre,
1641 1456 1668 1485 si

148 1516 169 1534 „
188 1505 319 1526 caussam
343 1497 420 1526 illius
443 1498 629 1527 immediatam
654 1506 709 1528 eta
726 1501 861 1530 sensibus
880 1502 1101 1532 remotissimam
1124 1504 1302 1540 ignoremus.
1343 1504 1440 1541 Hujus
1464 1506 1563 1534 asserti
1584 1506 1668 1536 iidem

147 1568 168 1585 „
189 1547 299 1578 faciunt
316 1549 476 1585 Empirici,
499 1549 570 1585 qui,
596 1552 720 1580 eruditas
738 1552 918 1581 rationalium
935 1553 1119 1583 Medicorum
1136 1555 1350 1590 speculationes
1372 1557 1406 1584 de
1422 1556 1536 1585 caussis
1553 1557 1667 1587 morbo-

147 1618 168 1636 „
187 1609 249 1629 rum
267 1600 406 1637 proximis
424 1608 589 1636 spernentes
601 1623 612 1637 ,
633 1603 798 1639 saepissime
813 1612 902 1639 aeque
923 1605 994 1634 bene
1013 1605 1131 1635 morbos
1153 1613 1273 1643 sanant,
1294 1615 1359 1635 cum
1384 1608 1562 1637 secreticulis
1578 1609 1662 1643 suis,

145 1671 166 1689 „
185 1660 216 1681 ac
239 1650 350 1680 faciunt
367 1651 518 1681 rationales
537 1653 680 1682 methodis
697 1655 1006 1693 speculationibusque
1030 1657 1266 1688 accuratioribus.
1316 1660 1391 1688 Idem
1416 1667 1532 1695 quoque
1554 1663 1660 1687 testan-

141 1722 165 1742 „
184 1709 232 1731 tur
255 1702 349 1732 morbi
372 1704 523 1740 epidemici
547 1705 640 1743 (18).
650 1705 670 1718 ”
708 1706 749 1736 Et
774 1706 805 1736 in
828 1707 886 1738 fine
911 1711 1037 1748 ejusdem
1060 1710 1229 1749 paragraphi
1256 1731 1275 1746 „
1291 1711 1358 1748 quis
1380 1713 1434 1736 ent
1455 1715 1490 1738 ex
1513 1708 1670 1745 Medicis‚²

1255 1767 1258 1769 ’
1559 1779 1578 1796 ,,
1598 1768 1661 1790 mo-

167 1850 239 1880 (¹7)
250 1851 303 1874 vid.
320 1851 434 1880 Baffln'm,
451 1852 543 1876 anm
555 1854 664 1882 Mnaseas,
679 1855 743 1879 mbr.
755 1856 772 1877 1.
789 1861 841 1884 cap.
857 1861 877 1878 r.
893 1856 904 1884 ς
920 1862 939 1879 ι.
955 1861 978 1884 p.
995 1859 1017 1881 2.
1048 1853 1156 1882 Cragon,
1171 1854 1187 1875 Ι.
1199 1853 1241 1876 ult.
1254 1855 1293 1876 cir.

167 1892 236 1920 (ιε)
250 1891 303 1914 vta.
317 1893 398 1921 εαξη,
412 1894 438 1915 ι..
452 1893 496 1919 ι..
513 1895 572 1917 libro
586 1896 614 1917 n.
631 1903 680 1924 cap.
695 1903 716 1923 9.
731 1896 743 1921 s
757 1898 796 1920 ru.
813 1904 833 1920 ι.
850 1902 873 1918 et
894 1896 953 1918 maro
967 1897 976 1918 1
994 1911 1002 1922 ‚
1020 1902 1068 1924 cap.
1083 1902 1104 1918 2·
1124 1895 1179 1922 sn·
1211 1895 1338 1924 Sambon,
1353 1896 1455 1924 omn-2
1471 1894 1537 1916 rom.
1552 1894 1570 1919 1.
1583 1895 1656 1923 praef.

138 1930 190 1961 pat.
207 1938 240 1960 ¹3·
271 1933 397 1962 „Tametsi
410 1940 515 1958 constare
527 1936 630 1959 videatur
640 1953 646 1964 ‚
659 1938 789 1960 morborum
805 1940 963 1966 plerorumque
972 1943 1049 1960 causas
1061 1936 1217 1959 inscrutabiles
1225 1944 1317 1965 prorsus
1329 1943 1379 1960 esse
1392 1942 1416 1959 et
1427 1937 1592 1966 kruhw'mve,
1607 1943 1653 1960 non

138 1986 158 2003 η
174 1979 247 1998 tamen
259 1974 388 1999 imolubuls
402 1977 444 1999 erit
458 1977 495 2000 lua
508 1978 623 2006 quaestio:
638 1984 685 2007 quo
697 1984 765 2009 pacto
779 1979 851 2003 sanari
862 1979 968 2008 possint?
984 1981 1042 2002 cum
1055 1979 1083 2003 de
1097 1979 1171 2003 cauri·
1183 1979 1343 2003 remotioribus
1356 1984 1398 2003 no·
1411 1979 1456 2003 hoc
1469 1977 1624 2002 asseramus!

956 2018 1017 2050 132
