1913 2427
294 165 664 203 COMMENTATIO
696 178 744 199 »ι
775 168 1011 201 MACHINA
1042 168 1408 209 ATWOODIANA.
1567 173 1609 209 13

92 258 239 295 sequitur,
267 258 303 293 Δ
323 257 401 286 ABD
425 263 522 286 sumto
545 266 598 294 pro
624 257 750 293 unitate,
776 255 868 292 spatia
900 265 1034 293 percursa
1063 257 1124 287 fore
1151 257 1223 288 inter
1250 268 1280 289 se
1307 260 1350 288 uti
1381 262 1491 291 numeri
1516 262 1604 302 impa-

91 320 135 340 res
161 319 194 346 1³
219 320 252 348 39
274 318 310 345 52
334 318 369 344 7³
391 315 448 337 etc·

663 410 1014 434 EXPERIMENTUM.

128 506 273 536 Ponamus
302 506 395 534 lances
423 505 452 534 A
474 511 502 534 et
526 504 548 534 Β
578 505 675 534 eodem
707 504 794 533 modo
824 503 967 533 ordinatas
994 513 1204 544 oneratasque,
1233 515 1320 545 atque
1351 510 1380 539 in
1411 512 1604 548 experimento

90 566 158 596 pag.
178 548 223 594 13.
248 563 419 593 memorato,
441 564 469 586 et
493 557 617 587 tabulam
641 556 667 585 D
691 556 785 592 primo
816 555 884 584 loco
912 556 1081 592 applicatam
1111 559 1202 588 scalae
1225 561 1362 591 divisioni
1386 572 1418 599 3,
1449 564 1513 592 dein
1533 573 1603 593 vero

90 609 227 638 divisioni
253 618 307 645 12,
329 609 464 638 divisioni
487 617 542 645 27,
562 607 698 638 divisioni
718 609 753 643 48
777 612 833 635 etc.
876 607 991 644 Quodsi
1019 615 1087 638 tunc
1116 619 1223 648 porro,
1252 613 1366 648 perinde
1392 622 1478 651 atque
1500 615 1530 644 in
1557 625 1605 645 ex-

88 662 247 698 perimento
275 666 431 689 memorato
448 680 459 696 ‚
487 659 626 690 faciamus
659 657 826 688 descendere
857 658 989 694 lancem,
1020 661 1066 689 cui
1098 663 1190 699 majus
1224 664 1297 692 inest
1331 667 1446 701 pondus
1467 687 1477 702 :
1506 667 1607 696 haecce

89 714 155 742 lanx
179 721 237 741 uno
261 712 330 741 min.
355 720 413 741 sec.
437 712 567 740 decurret
596 717 690 746 usque
713 710 748 737 ad
775 710 900 747 primum
925 712 1023 741 locum
1044 714 1156 744 tabulae
1173 716 1227 753 D„
1252 717 1367 748 duobus
1392 727 1485 756 usque
1508 720 1543 750 ad
1563 727 1609 749 se-

87 764 237 799 cundum,
258 763 351 792 tribus
376 771 471 800 usque
493 763 529 792 ad
551 763 683 799 tertium,
706 769 761 791 etc.
1240 753 1244 760 ⁵

108 810 153 844 ’Ἀ
179 823 300 853 corpore
328 815 427 852 itaque
449 815 566 844 cadente
585 820 786 851 percum-entur
809 822 938 854 tempore
960 818 1064 849 minuti
1083 822 1204 851 secundi

441 869 535 905 primo
557 869 679 905 pollices
829 878 845 906 3
867 879 903 898 Ξ
942 880 956 907 3
977 874 1011 906 Χ
1037 882 1048 901 1
1071 874 1144 909 poll.

406 921 536 949 secundo
693 929 787 950 12-
829 931 902 958 3:
939 927 1166 962 9:3><3‚

449 973 902 1010 tertio—-27—-12=
941 979 1163 1014 5:3><5‚

435 1027 1151 1064 quarto—48—27:21=3><7.

84 1083 171 1111 atque
198 1074 266 1103 adeo
297 1075 388 1111 spatia
413 1076 593 1112 temporibus
621 1077 797 1107 successivis
819 1079 988 1115 aequalibus
1017 1087 1153 1116 percursa
1173 1085 1257 1110 erunt
1282 1080 1356 1111 inter
1378 1088 1428 1118 se,
1458 1087 1491 1111 ut
1517 1080 1604 1115 series

82 1126 236 1164 imparium
261 1135 296 1163 1,
320 1135 353 1163 3,
375 1134 412 1163 5,
433 1135 469 1162 7,
490 1134 544 1157 etc.

710 1234 980 1256 SCHOLION·

96 1344 99 1345 ν
123 1323 196 1355 Und
221 1327 375 1364 eddemque
401 1327 501 1355 massd
529 1326 565 1363 64
587 1327 636 1357 M.
660 1329 740 1358 motet
769 1330 802 1361 ὑί
828 1331 1037 1360 acceleratrice
1063 1340 1075 1360 1
1094 1330 1165 1366 M„
1192 1339 1209 1360 2
1230 1330 1278 1360 M.
1293 1352 1304 1367 ‚
1332 1339 1348 1368 3
1364 1320 1440 1368 'M.‚
1467 1339 1522 1363 etc.
1548 1341 1603 1372 per

81 1377 158 1409 &dem
183 1386 308 1420 tempus,
329 1379 469 1417 duorum,
491 1382 613 1420 exempli
629 1385 754 1421 gratifc',
781 1386 851 1413 min.
875 1393 930 1412 sec.
949 1384 1046 1421 spatia
1062 1390 1205 1421 percursa
1227 1389 1313 1412 erunt
1335 1385 1415 1412 inter
1431 1393 1459 1412 se
1475 1390 1507 1413 ut
1527 1388 1606 1414 vires

86 1431 328 1468 acceleratrices,
348 1432 406 1462 sive
428 1438 460 1461 ut
472 1433 593 1471 pollices
615 1443 668 1471 12,
691 1445 747 1472 24,
771 1438 819 1473 36.
844 1451 877 1457 —-
899 1435 974 1464 Nam
993 1434 1125 1464 lancibus
1146 1435 1174 1464 A
1197 1442 1224 1464 et
1243 1435 1265 1463 B
1290 1435 1334 1463 uti
1355 1444 1442 1473 supra
1459 1436 1605 1473 oneratis,

84 1473 113 1511 et
130 1482 226 1512 tabula
247 1483 275 1512 D
297 1484 332 1511 ad
352 1485 444 1512 scalae
468 1485 640 1515 divisionem
665 1497 698 1517 12
727 1488 890 1525 applicata,
919 1488 984 1515 lanx
1012 1487 1040 1515 A
1068 1487 1191 1515 duorum
1220 1487 1291 1515 min.
1314 1495 1373 1515 sec·
1394 1492 1521 1523 tempore
1542 1496 1608 1528 perf

83 1533 178 1563 veniet
206 1534 241 1562 ad
268 1534 404 1563 tabulam.
424 1551 464 1557 —
484 1536 598 1567 Tabula
628 1540 664 1567 ad
695 1541 785 1568 scalae
818 1539 989 1568 divisionem
1013 1548 1050 1575 24
1078 1539 1221 1568 collocata
1243 1545 1329 1575 atque
1349 1537 1423 1576 5¹M.
1445 1546 1460 1567 e
1484 1539 1562 1567 lance
1579 1538 1602 1567 B

81 1585 113 1614 in
134 1586 240 1614 lancem
262 1585 289 1614 A
314 1587 470 1623 translata,
498 1588 599 1618 haecce
623 1591 719 1619 itidem
748 1591 870 1619 duorum
897 1590 968 1619 min.
999 1598 1057 1618 sec.
1085 1596 1214 1626 tempore
1244 1590 1278 1618 ad
1304 1590 1429 1618 tabuIam
1459 1591 1601 1631 decurret·

45 1652 47 1655 .
82 1634 138 1663 Vis
162 1636 236 1665 enim
260 1638 438 1666 acceleratrix
461 1639 515 1668 hoc
540 1649 609 1670 casu
632 1649 674 1670 est
697 1652 712 1670 2
729 1642 776 1671 M.
799 1659 837 1665 -
859 1642 985 1671 Tandem
1013 1643 1105 1671 adhuc
1126 1642 1201 1679 gM.
1224 1651 1239 1671 e
1257 1644 1337 1672 lance
1356 1642 1377 1670 B
1401 1643 1430 1671 in
1451 1643 1557 1671 lancem
1574 1642 1602 1670 A

83 1689 241 1725 translata,
261 1697 293 1718 ut
319 1689 363 1719 vis
388 1692 567 1722 acceleratrix
590 1695 630 1723 sit
653 1705 668 1732 3
690 1696 757 1732 M.‚
786 1696 944 1731 tabulaque
965 1694 993 1723 D
1015 1695 1049 1723 ad
1073 1695 1167 1722 scalae
1186 1693 1357 1725 divisionem
1378 1695 1414 1732 3⁶
1438 1693 1601 1731 applicata,

82 1738 149 1769 lanx
164 1739 193 1770 A
209 1740 334 1772 tabulam
356 1742 454 1772 itidem
476 1743 558 1775 feriet
581 1748 707 1777 secundo
732 1748 802 1779 min.
829 1757 889 1778 sec.
907 1748 975 1777 ,inde
995 1756 1011 1776 a
1034 1748 1130 1784 lapsu.

1478 2058 1596 2089 LEX
