1913 2427
687 131 1076 166 ORATIO)
1570 132 1614 175 25

145 240 218 264 mm
244 228 433 267 hominum,
463 232 547 271 'quos
577 236 646 259 non
680 225 824 259 hostium
853 227 902 259 vis
932 232 964 258 et
997 223 1171 263 fortitudo,
1201 223 1257 256 sed
1291 226 1381 258 nives
1412 232 1444 258 et
1470 229 1606 271 pruinae

129 293 390 333 prostraverunt,
412 291 449 316 ut
480 284 566 328 ipsae
593 287 809 327 tempestates,
831 280 924 323 jussu
955 279 1067 314 divino
1082 306 1092 322 ‚
1116 282 1245 314 virtutis
1270 289 1301 314 et
1325 283 1527 316 innocentiae
1549 297 1605 329 pa.

126 345 300 377 trocinium
321 343 494 386 suscepisse
513 341 692 374 videantur.
738 339 758 370 ὁ
779 337 983 381 optimarum
1016 350 1125 371 rerum
1151 338 1284 371 historia
1311 340 1474 384 magistra!
1498 348 1529 373 te
1547 342 1603 374 do-

125 408 233 441 cente,
255 401 384 433 diseunt
405 399 511 440 docti,
545 405 575 430 te
600 397 777 441 loquente,
804 395 872 437 ipsa
892 394 1098 439 philosophia
1128 396 1332 429 obmutescit:
1386 400 1435 429 Tu
1460 409 1528 430 non
1553 409 1603 431 so-

124 456 194 489 lum
214 457 294 501 quid
318 459 353 490 in
379 457 486 495 terris,
520 455 577 488 sed
606 456 702 487 etiam
732 451 812 497 quid
840 451 876 482 in
907 452 997 483 coelo
1017 459 1144 496 agatur,
1174 453 1323 487 declaras.
1369 456 1476 486 Tuam·
1490 466 1602 489 vocem

125 514 332 547 clarissimam
359 515 417 558 qui
436 512 584 552 exaudit,
608 513 715 556 ipsum
739 512 844 542 Deum
871 509 961 541 audit
989 510 1193 553 loquentem:
1225 518 1256 543 te
1278 512 1335 555 qui
1362 511 1439 543 colit
1463 519 1494 544 et
1516 523 1602 544 com·

123 571 291 615 plectitur,
322 572 467 605 coelestia
496 570 543 602 illi
568 569 701 602 consilia
724 573 854 611 patent:
879 573 909 598 te
937 566 1076 610 denique
1104 568 1161 611 qui
1185 568 1293 600 laudat
1322 575 1354 600 et
1377 569 1599 605 commendat,

119 629 188 659 *tuis
207 630 304 661 sacris
327 629 384 672 qui
410 628 489 660 alios
518 627 643 666 initiat,
668 626 757 657 hunc
789 624 1017 656 administrum
1044 625 1240 668 appellamus
1270 633 1301 657 et
1325 632 1549 668 mystagogum
1571 632 1604 658 et

122 685 319 718 sacerdotem
341 685 562 718 Providentiae
589 685 736 716 Divinae.

163 744 233 785 Ego
254 754 350 782 vero,
373 742 565 782 Auditores,
590 750 787 785 quamquam
814 739 948 770 minime
971 738 1134 771 confectus
1159 740 1312 771 orationis
1342 749 1455 771 cursus
1485 745 1548 778 est,
1569 746 1602 772 et

131 810 174 831 ne
202 806 318 832 terram
352 800 486 844 quidem
517 799 630 839 video,
660 805 767 830 tamen
801 797 936 828 satietati
963 803 1084 827 vestrae
1116 796 1269 828 medebor
1299 803 1396 839 atque
1430 796 1603 839 reprimam

121 867 188 888 me:
212 856 298 888 malo
326 858 434 896 enim,
457 868 539 901 quae
562 856 685 899 reliqua
706 861 800 894 sunt,
824 865 861 886 ea
885 854 1050 886 benevolis
1080 854 1253 886 lectoribus
1275 853 1388 885 offerre
1402 877 1411 892 ,
1433 864 1531 896 quam
1554 853 1602 884 in-

121 912 198 943 vitis
228 913 431 946 auditoribus
457 913 637 946 obtrudere.
690 912 751 943 Sed
778 912 902 943 etiamsi
926 917 992 942 tota
1013 911 1081 953 jam
1105 910 1172 942 dies
1197 913 1231 942 in
1262 910 1399 942 dicendo
1422 916 1504 941 esset
1527 920 1604 941 con·

120 975 243 1009 sumta,
266 981 335 1002 non
361 978 469 1003 tamen
493 971 745 1007 committerem,
770 976 807 1000 ut
841 969 981 1012 aliquam
1006 966 1104 999 officii
1129 975 1251 1011 partem
1277 967 1486 1011 praetermitti
1509 977 1527 997 a
1551 977 1603 998 me

120 1032 176 1056 aut:
199 1026 301 1059 deseri
323 1030 488 1066 putaretis,
533 1027 620 1066 Quid
639 1033 745 1058 autem
767 1026 893 1065 potius,
919 1023 1000 1065 quid
1018 1025 1183 1067 antiquius
1203 1024 1320 1056 habere
1345 1024 1480 1066 possim,
1502 1033 1603 1065 quam

119 1086 154 1111 ut
167 1082 233 1111 Vos
249 1080 438 1123 compellem
451 1104 461 1120 ‚
483 1080 692 1112 illustrissimi
709 1079 808 1122 hujus
827 1077 1013 1111 Academiae
1030 1081 1218 1118 Curatores,
1243 1089 1387 1122 quorum
1408 1078 1544 1110 consilio
1566 1084 1599 1109 et

118 1137 306 1168 auctoritate
337 1136 378 1167 ab
410 1137 465 1168 illa
487 1137 571 1169 vitae
596 1137 753 1174 statione,
779 1136 815 1167 in
842 1146 907 1179 qua
929 1136 1035 1169 adhuc
1063 1136 1236 1168 collocatus
1255 1135 1320 1174 sui,
1349 1135 1390 1166 ad
1413 1136 1468 1167 has
1494 1134 1602 1166 literas

118 1207 192 1229 sum
219 1197 406 1230 traductus?
451 1200 519 1242 Ego
554 1198 681 1242 quoties
716 1207 844 1228 mecum
878 1201 1018 1238 reput0‚
1048 1204 1113 1237 qua
1145 1194 1266 1236 optima
1293 1192 1416 1223 ratione
1453 1193 1599 1222 Vestram

116 1253 182 1285 mei
210 1256 477 1298 exspectationem
501 1256 659 1288 sustinere
686 1254 834 1297 tuerique
861 1259 1016 1296 potuero,
1041 1251 1134 1282 toties
1158 1250 1329 1282 conturbat
1355 1260 1408 1280 me
1432 1249 1542 1291 magui
1566 1248 1600 1280 il·

116 1310 181 1344 tius
212 1313 283 1344 Viri
308 1313 480 1356 cogitatio,
513 1314 548 1344 in
581 1313 675 1355 cujus
707 1312 816 1343 locum
842 1320 894 1341 me
924 1308 1093 1341 succedere
1120 1307 1276 1340 voluistis,
1331 1307 1463 1338 Utinam
1492 1311 1527 1337 ut
1550 1305 1599 1336 vi-

117 1366 182 1406 vit,
205 1368 248 1398 ita
273 1369 394 1411 vigeret
422 1370 516 1401 etiam
546 1368 832 1412 Wyttenbachius‚
866 1377 926 1397 nec
955 1365 1036 1397 illud
1060 1364 1156 1396 nobis
1180 1362 1398 1407 spectaculum
1428 1368 1509 1394 esset
1531 1372 1599 1405 per-

119 1422 310 1463 ferendum,
333 1436 401 1457 non
428 1424 618 1461 hominibus
639 1431 784 1463 tantum,
813 1422 869 1454 sed
900 1423 978 1466 ipsis
1003 1423 1100 1464 hujus
1134 1421 1246 1464 templi
1269 1420 1443 1464 parietibus
1469 1420 1598 1451 luctuo-

118 1490 216 1520 sum,
248 1482 395 1524 extingui
424 1481 588 1513 literarum
615 1481 745 1520 lumen,
779 1480 908 1512 vivente
939 1478 1195 1522 Wyttenbachio.
1250 1480 1454 1520 Quamquam
1480 1475 1596 1519 quidni

118 1537 228 1580 potius
253 1538 347 1569 istam
374 1539 472 1569 vitam
500 1544 637 1569 mortem
671 1548 738 1569 esse
759 1543 928 1581 putemus,
960 1537 991 1567 ei
1024 1535 1179 1579 quidem,
1208 1535 1266 1578 qui
1294 1536 1338 1566 ita
1364 1544 1489 1576 semper
1511 1531 1622 1576 judi-7

117 1594 254 1632 caverit,
277 1605 344 1626 non
366 1596 505 1627 suaviter
531 1601 678 1633 tantum,
710 1593 766 1626 sed
791 1595 927 1626 omnino
955 1604 997 1625 ne
1025 1593 1092 1626 vivi
1111 1592 1262 1636 quidem,
1283 1592 1352 1623 sine
1372 1590 1599 1632 literisposse.

119 1650 286 1681 Meautem
296 1674 305 1689 ,
320 1653 377 1694 qui
388 1658 477 1687 tanto
487 1653 566 1684 Viro
581 1651 732 1683 suffectus
741 1662 832 1691 sum,
848 1651 929 1683 illud
943 1658 1078 1689 recreat,
1090 1651 1287 1682 Perillustres
1297 1651 1480 1685 Curatores,
1498 1653 1596 1689 atque

118 1708 312 1750 confirmat,
334 1712 441 1754 quod,
465 1713 492 1744 si
512 1724 609 1756 quem
636 1710 991 1755 anquisivissetis„qui
1021 1709 1186 1740 doctrinae
1212 1705 1435 1751 magnitudine
1454 1706 1600 1746 Wytten·

119 1764 271 1799 bachium
297 1776 507 1812 exaequaret,
538 1771 593 1801 vix
623 1780 743 1812 quemq
760 1780 818 1800 'am
843 1767 1056 1813 reperissetis.·
1094 1767 1126 1796 Si
1148 1772 1254 1796 autem
1284 1763 1382 1805 hujus
1406 1760 1595 1795 Academiae

119 1822 269 1856 interesse
295 1825 514 1868 judicavistis,
546 1827 666 1858 Literas
691 1827 904 1858 Humaniores
929 1825 968 1857 ab
1003 1834 1116 1856 eorum
1150 1822 1259 1864 aliquo
1294 1820 1374 1852 tradi
1402 1830 1437 1851 ac
1469 1817 1596 1854 doceri,

115 1880 172 1922 qui
192 1882 428 1924 Wyttenbachii
448 1883 617 1927 disciplina
642 1895 678 1916 ac
698 1884 873 1927 praeceptis
894 1882 1011 1914 imbuti
1032 1888 1063 1913 et
1090 1879 1253 1911 informati
1275 1883 1395 1914 essent,
1422 1877 1456 1907 in
1480 1882 1594 1906 eorum

112 1946 252 1971 numero
282 1950 334 1973 me
355 1951 439 1981 esse,
463 1952 539 1985 prae
554 1952 606 1974 me
621 1940 700 1975 sero.
746 1941 803 1973 Sin
830 1941 970 1984 denique
997 1938 1119 1982 aliquid
1144 1948 1214 1973 esse
1237 1933 1489 1973 existimavistis,
1511 1931 1595 1962 hanc
1618 1954 1623 1966 ,

885 1999 915 2030 D
1564 1985 1599 2026 lif
