<?xml version="1.0" encoding="UTF-8"?>
<!DOCTYPE html PUBLIC "-//W3C//DTD XHTML 1.0 Transitional//EN"
    "http://www.w3.org/TR/xhtml1/DTD/xhtml1-transitional.dtd">
<html xmlns="http://www.w3.org/1999/xhtml" xml:lang="en" lang="en">
 <head>
  <title>
</title>
<meta http-equiv="Content-Type" content="text/html;charset=utf-8" />
  <meta name='ocr-system' content='tesseract 3.04.00' />
  <meta name='ocr-capabilities' content='ocr_page ocr_carea ocr_par ocr_line ocrx_word'/>
</head>
<body>
  <div class='ocr_page' id='page_1' title='image "annalesacademiae17rijk_0109.png"; bbox 0 0 1913 2427; ppageno 0'>
   <div class='ocr_carea' id='block_1_1' title="bbox 670 149 1596 198">
    <p class='ocr_par' dir='ltr' id='par_1_1' title="bbox 670 149 1596 198">
     <span class='ocr_line' id='line_1_1' title="bbox 670 149 1596 198; baseline 0.004 -17"><span class='ocrx_word' id='word_1_1' title='bbox 670 149 1054 186; x_wconf 72' lang='lat' dir='ltr'>ORATIO.</span> <span class='ocrx_word' id='word_1_2' title='bbox 1558 165 1596 198; x_wconf 79' lang='lat'>19</span> 
     </span>
    </p>
   </div>
   <div class='ocr_carea' id='block_1_2' title="bbox 88 243 1603 1992">
    <p class='ocr_par' dir='ltr' id='par_1_2' title="bbox 91 243 1603 1707">
     <span class='ocr_line' id='line_1_2' title="bbox 119 243 1591 290; baseline 0 -11"><span class='ocrx_word' id='word_1_3' title='bbox 119 248 200 280; x_wconf 81' lang='lat' dir='ltr'>riam</span> <span class='ocrx_word' id='word_1_4' title='bbox 223 245 355 289; x_wconf 84' lang='lat' dir='ltr'>quidem</span> <span class='ocrx_word' id='word_1_5' title='bbox 378 243 573 277; x_wconf 87' lang='lat' dir='ltr'>tractandam</span> <span class='ocrx_word' id='word_1_6' title='bbox 603 255 678 276; x_wconf 87' lang='lat' dir='ltr'>eum</span> <span class='ocrx_word' id='word_1_7' title='bbox 709 244 854 275; x_wconf 87' lang='lat' dir='ltr'>animum</span> <span class='ocrx_word' id='word_1_8' title='bbox 881 243 987 276; x_wconf 80' lang='lat' dir='ltr'>afferri</span> <span class='ocrx_word' id='word_1_9' title='bbox 1016 244 1157 289; x_wconf 84' lang='lat' dir='ltr'>postulat</span> <span class='ocrx_word' id='word_1_10' title='bbox 1187 246 1356 290; x_wconf 80' lang='lat' dir='ltr'><strong>Polybius,</strong></span> <span class='ocrx_word' id='word_1_11' title='bbox 1387 253 1425 279; x_wconf 92' lang='lat' dir='ltr'>ut</span> <span class='ocrx_word' id='word_1_12' title='bbox 1448 247 1591 290; x_wconf 85' lang='lat' dir='ltr'>judicare</span> 
     </span>
     <span class='ocr_line' id='line_1_3' title="bbox 120 301 1593 348; baseline 0 -12"><span class='ocrx_word' id='word_1_13' title='bbox 120 315 181 336; x_wconf 85' lang='lat' dir='ltr'>nos</span> <span class='ocrx_word' id='word_1_14' title='bbox 212 309 360 346; x_wconf 80' lang='lat' dir='ltr'>oportere</span> <span class='ocrx_word' id='word_1_15' title='bbox 397 303 626 334; x_wconf 81' lang='lat' dir='ltr'>existimemus.</span> <span class='ocrx_word' id='word_1_16' title='bbox 682 301 850 344; x_wconf 84' lang='lat' dir='ltr'>Numquid</span> <span class='ocrx_word' id='word_1_17' title='bbox 888 301 976 334; x_wconf 86' lang='lat' dir='ltr'>aliud</span> <span class='ocrx_word' id='word_1_18' title='bbox 1016 304 1131 335; x_wconf 80' lang='lat' dir='ltr'>veteris</span> <span class='ocrx_word' id='word_1_19' title='bbox 1164 303 1327 336; x_wconf 89' lang='lat' dir='ltr'>doctrinae</span> <span class='ocrx_word' id='word_1_20' title='bbox 1354 312 1386 336; x_wconf 91' lang='lat' dir='ltr'>et</span> <span class='ocrx_word' id='word_1_21' title='bbox 1419 305 1593 348; x_wconf 74' lang='lat' dir='ltr'>elegantiae</span> 
     </span>
     <span class='ocr_line' id='line_1_4' title="bbox 116 357 1590 404; baseline 0.001 -12"><span class='ocrx_word' id='word_1_22' title='bbox 116 361 336 404; x_wconf 75' lang='lat' dir='ltr'>interpretatio</span> <span class='ocrx_word' id='word_1_23' title='bbox 374 360 508 403; x_wconf 85' lang='lat' dir='ltr'>requirit</span> <span class='ocrx_word' id='word_1_24' title='bbox 536 365 567 390; x_wconf 90' lang='lat' dir='ltr'>et</span> <span class='ocrx_word' id='word_1_25' title='bbox 594 357 762 390; x_wconf 75' lang='lat' dir='ltr'>custodia?</span> <span class='ocrx_word' id='word_1_26' title='bbox 791 369 872 401; x_wconf 84' lang='lat' dir='ltr'>quae</span> <span class='ocrx_word' id='word_1_27' title='bbox 902 370 1078 402; x_wconf 81' lang='lat' dir='ltr'><strong>quorsum,</strong></span> <span class='ocrx_word' id='word_1_28' title='bbox 1111 360 1260 400; x_wconf 86' lang='lat' dir='ltr'>obsecro,</span> <span class='ocrx_word' id='word_1_29' title='bbox 1296 361 1461 393; x_wconf 82' lang='lat' dir='ltr'>referenda</span> <span class='ocrx_word' id='word_1_30' title='bbox 1483 363 1590 393; x_wconf 87' lang='lat' dir='ltr'>omnis</span> 
     </span>
     <span class='ocr_line' id='line_1_5' title="bbox 110 415 1590 462; baseline 0.001 -13"><span class='ocrx_word' id='word_1_31' title='bbox 110 418 186 450; x_wconf 75' lang='lat' dir='ltr'>est?</span> <span class='ocrx_word' id='word_1_32' title='bbox 230 419 274 449; x_wconf 90' lang='lat' dir='ltr'>Ut</span> <span class='ocrx_word' id='word_1_33' title='bbox 309 417 479 449; x_wconf 90' lang='lat' dir='ltr'>historicus</span> <span class='ocrx_word' id='word_1_34' title='bbox 515 415 757 458; x_wconf 80' lang='lat' dir='ltr'>diligentissime</span> <span class='ocrx_word' id='word_1_35' title='bbox 784 416 946 458; x_wconf 85' lang='lat' dir='ltr'>exquirit,</span> <span class='ocrx_word' id='word_1_36' title='bbox 980 417 1123 459; x_wconf 91' lang='lat' dir='ltr'>primum</span> <span class='ocrx_word' id='word_1_37' title='bbox 1159 418 1199 450; x_wconf 90' lang='lat' dir='ltr'>de</span> <span class='ocrx_word' id='word_1_38' title='bbox 1231 418 1327 450; x_wconf 83' lang='lat' dir='ltr'>rebus</span> <span class='ocrx_word' id='word_1_39' title='bbox 1365 420 1486 462; x_wconf 85' lang='lat' dir='ltr'>gestis,</span> <span class='ocrx_word' id='word_1_40' title='bbox 1511 418 1590 462; x_wconf 80' lang='lat' dir='ltr'>quid</span> 
     </span>
     <span class='ocr_line' id='line_1_6' title="bbox 112 472 1592 516; baseline 0.001 -9"><span class='ocrx_word' id='word_1_41' title='bbox 112 473 231 507; x_wconf 80' lang='lat' dir='ltr'>factum</span> <span class='ocrx_word' id='word_1_42' title='bbox 259 474 422 505; x_wconf 87' lang='lat' dir='ltr'>dictumve</span> <span class='ocrx_word' id='word_1_43' title='bbox 454 473 514 512; x_wconf 92' lang='lat' dir='ltr'>sit,</span> <span class='ocrx_word' id='word_1_44' title='bbox 542 480 611 504; x_wconf 90' lang='lat' dir='ltr'>tum</span> <span class='ocrx_word' id='word_1_45' title='bbox 643 472 825 516; x_wconf 86' lang='lat' dir='ltr'>quomod0‚</span> <span class='ocrx_word' id='word_1_46' title='bbox 856 479 1019 515; x_wconf 83' lang='lat' dir='ltr'>postremo</span> <span class='ocrx_word' id='word_1_47' title='bbox 1044 481 1234 506; x_wconf 85' lang='lat' dir='ltr'>eventorum</span> <span class='ocrx_word' id='word_1_48' title='bbox 1267 487 1410 516; x_wconf 86' lang='lat' dir='ltr'>caussas,</span> <span class='ocrx_word' id='word_1_49' title='bbox 1440 477 1592 508; x_wconf 77' lang='lat' dir='ltr'>consilio-</span> 
     </span>
     <span class='ocr_line' id='line_1_7' title="bbox 113 529 1592 577; baseline -0.001 -13"><span class='ocrx_word' id='word_1_50' title='bbox 113 543 188 564; x_wconf 87' lang='lat' dir='ltr'>rum</span> <span class='ocrx_word' id='word_1_51' title='bbox 215 532 281 563; x_wconf 84' lang='lat' dir='ltr'>vim</span> <span class='ocrx_word' id='word_1_52' title='bbox 298 538 330 562; x_wconf 87' lang='lat' dir='ltr'>et</span> <span class='ocrx_word' id='word_1_53' title='bbox 357 537 576 569; x_wconf 86' lang='lat' dir='ltr'>momentum,</span> <span class='ocrx_word' id='word_1_54' title='bbox 597 536 628 562; x_wconf 86' lang='lat' dir='ltr'>et</span> <span class='ocrx_word' id='word_1_55' title='bbox 653 541 874 573; x_wconf 85' lang='lat' dir='ltr'>quaecumque</span> <span class='ocrx_word' id='word_1_56' title='bbox 895 529 945 562; x_wconf 89' lang='lat' dir='ltr'>vel</span> <span class='ocrx_word' id='word_1_57' title='bbox 968 542 1077 569; x_wconf 87' lang='lat' dir='ltr'>casus,</span> <span class='ocrx_word' id='word_1_58' title='bbox 1099 532 1150 563; x_wconf 90' lang='lat' dir='ltr'>vel</span> <span class='ocrx_word' id='word_1_59' title='bbox 1180 533 1363 565; x_wconf 82' lang='lat' dir='ltr'>temeritatis</span> <span class='ocrx_word' id='word_1_60' title='bbox 1380 544 1448 564; x_wconf 87' lang='lat' dir='ltr'>esse</span> <span class='ocrx_word' id='word_1_61' title='bbox 1474 541 1592 577; x_wconf 83' lang='lat' dir='ltr'>putan.</span> 
     </span>
     <span class='ocr_line' id='line_1_8' title="bbox 112 587 1590 632; baseline 0 -11"><span class='ocrx_word' id='word_1_62' title='bbox 112 595 183 622; x_wconf 82' lang='lat' dir='ltr'>tur:</span> <span class='ocrx_word' id='word_1_63' title='bbox 207 589 250 620; x_wconf 87' lang='lat' dir='ltr'>ita</span> <span class='ocrx_word' id='word_1_64' title='bbox 266 588 500 620; x_wconf 84' lang='lat' dir='ltr'>Grammaticus</span> <span class='ocrx_word' id='word_1_65' title='bbox 517 594 660 618; x_wconf 88' lang='lat' dir='ltr'>veterum</span> <span class='ocrx_word' id='word_1_66' title='bbox 676 593 888 618; x_wconf 87' lang='lat' dir='ltr'>monumenta</span> <span class='ocrx_word' id='word_1_67' title='bbox 911 587 1020 626; x_wconf 88' lang='lat' dir='ltr'>habet,</span> <span class='ocrx_word' id='word_1_68' title='bbox 1043 589 1077 619; x_wconf 83' lang='lat' dir='ltr'>iu</span> <span class='ocrx_word' id='word_1_69' title='bbox 1096 589 1216 632; x_wconf 87' lang='lat' dir='ltr'>quibus</span> <span class='ocrx_word' id='word_1_70' title='bbox 1237 601 1368 621; x_wconf 88' lang='lat' dir='ltr'>omnem</span> <span class='ocrx_word' id='word_1_71' title='bbox 1398 590 1590 622; x_wconf 85' lang='lat' dir='ltr'>industriam</span> 
     </span>
     <span class='ocr_line' id='line_1_9' title="bbox 109 638 1603 691; baseline 0.001 -14"><span class='ocrx_word' id='word_1_72' title='bbox 109 646 244 678; x_wconf 85' lang='lat' dir='ltr'>collocet</span> <span class='ocrx_word' id='word_1_73' title='bbox 257 670 271 685; x_wconf 12' lang='grc' dir='ltr'>,μ</span> <span class='ocrx_word' id='word_1_74' title='bbox 288 646 426 677; x_wconf 81' lang='lat' dir='ltr'>maxime</span> <span class='ocrx_word' id='word_1_75' title='bbox 444 651 479 676; x_wconf 88' lang='lat' dir='ltr'>ut</span> <span class='ocrx_word' id='word_1_76' title='bbox 492 651 673 683; x_wconf 85' lang='lat' dir='ltr'>scrutetur,</span> <span class='ocrx_word' id='word_1_77' title='bbox 698 645 778 687; x_wconf 91' lang='lat' dir='ltr'>quid</span> <span class='ocrx_word' id='word_1_78' title='bbox 795 644 917 676; x_wconf 90' lang='lat' dir='ltr'>dictum</span> <span class='ocrx_word' id='word_1_79' title='bbox 937 645 995 684; x_wconf 87' lang='lat' dir='ltr'>sit,</span> <span class='ocrx_word' id='word_1_80' title='bbox 1019 645 1081 676; x_wconf 88' lang='lat' dir='ltr'>hoc</span> <span class='ocrx_word' id='word_1_81' title='bbox 1094 653 1160 684; x_wconf 90' lang='lat' dir='ltr'>est,</span> <span class='ocrx_word' id='word_1_82' title='bbox 1185 647 1289 690; x_wconf 88' lang='lat' dir='ltr'>qualis</span> <span class='ocrx_word' id='word_1_83' title='bbox 1307 648 1348 678; x_wconf 87' lang='lat' dir='ltr'>sit</span> <span class='ocrx_word' id='word_1_84' title='bbox 1370 647 1437 690; x_wconf 89' lang='lat' dir='ltr'>ipse</span> <span class='ocrx_word' id='word_1_85' title='bbox 1455 638 1603 691; x_wconf 48' lang='lat' dir='ltr'>scriptoss</span> 
     </span>
     <span class='ocr_line' id='line_1_10' title="bbox 111 703 1588 747; baseline 0.001 -12"><span class='ocrx_word' id='word_1_86' title='bbox 111 703 156 735; x_wconf 79' lang='lat' dir='ltr'>ris</span> <span class='ocrx_word' id='word_1_87' title='bbox 190 703 331 746; x_wconf 76' lang='lat' dir='ltr'>cujusws</span> <span class='ocrx_word' id='word_1_88' title='bbox 365 709 498 740; x_wconf 81' lang='lat' dir='ltr'>textus,</span> <span class='ocrx_word' id='word_1_89' title='bbox 536 711 633 744; x_wconf 90' lang='lat' dir='ltr'>quem</span> <span class='ocrx_word' id='word_1_90' title='bbox 662 707 799 740; x_wconf 76' lang='lat' dir='ltr'>vocant,</span> <span class='ocrx_word' id='word_1_91' title='bbox 829 713 912 745; x_wconf 92' lang='lat' dir='ltr'>quae</span> <span class='ocrx_word' id='word_1_92' title='bbox 945 703 994 734; x_wconf 90' lang='lat' dir='ltr'>vis</span> <span class='ocrx_word' id='word_1_93' title='bbox 1028 703 1164 746; x_wconf 84' lang='lat' dir='ltr'>singulis</span> <span class='ocrx_word' id='word_1_94' title='bbox 1200 705 1343 747; x_wconf 88' lang='lat' dir='ltr'>primum</span> <span class='ocrx_word' id='word_1_95' title='bbox 1370 703 1495 743; x_wconf 83' lang='lat' dir='ltr'>verbis,</span> <span class='ocrx_word' id='word_1_96' title='bbox 1519 711 1588 736; x_wconf 88' lang='lat' dir='ltr'>tum</span> 
     </span>
     <span class='ocr_line' id='line_1_11' title="bbox 109 748 1601 805; baseline 0.001 -14"><span class='ocrx_word' id='word_1_97' title='bbox 109 762 275 792; x_wconf 71' lang='lat' dir='ltr'>sententiis</span> <span class='ocrx_word' id='word_1_98' title='bbox 300 759 470 791; x_wconf 87' lang='lat' dir='ltr'>tribuenda</span> <span class='ocrx_word' id='word_1_99' title='bbox 503 758 561 796; x_wconf 90' lang='lat' dir='ltr'>sit,</span> <span class='ocrx_word' id='word_1_100' title='bbox 591 765 627 789; x_wconf 89' lang='lat' dir='ltr'>ut</span> <span class='ocrx_word' id='word_1_101' title='bbox 653 759 782 801; x_wconf 88' lang='lat' dir='ltr'>penitus</span> <span class='ocrx_word' id='word_1_102' title='bbox 815 769 848 790; x_wconf 91' lang='lat' dir='ltr'>se</span> <span class='ocrx_word' id='word_1_103' title='bbox 875 760 910 791; x_wconf 92' lang='lat' dir='ltr'>in</span> <span class='ocrx_word' id='word_1_104' title='bbox 933 761 1032 802; x_wconf 80' lang='lat' dir='ltr'>ejus,</span> <span class='ocrx_word' id='word_1_105' title='bbox 1064 761 1121 804; x_wconf 91' lang='lat' dir='ltr'>qui</span> <span class='ocrx_word' id='word_1_106' title='bbox 1155 761 1308 805; x_wconf 79' lang='lat' dir='ltr'>scripsit,</span> <span class='ocrx_word' id='word_1_107' title='bbox 1341 768 1480 792; x_wconf 81' lang='lat' dir='ltr'>mentem</span> <span class='ocrx_word' id='word_1_108' title='bbox 1512 748 1601 792; x_wconf 37' lang='lat' dir='ltr'>insi—¹</span> 
     </span>
     <span class='ocr_line' id='line_1_12' title="bbox 106 815 1584 861; baseline 0 -12"><span class='ocrx_word' id='word_1_109' title='bbox 106 825 204 850; x_wconf 86' lang='lat' dir='ltr'>nuet:</span> <span class='ocrx_word' id='word_1_110' title='bbox 227 817 316 861; x_wconf 90' lang='lat' dir='ltr'>quod</span> <span class='ocrx_word' id='word_1_111' title='bbox 337 827 400 860; x_wconf 87' lang='lat' dir='ltr'>qua</span> <span class='ocrx_word' id='word_1_112' title='bbox 426 815 554 847; x_wconf 88' lang='lat' dir='ltr'>tandem</span> <span class='ocrx_word' id='word_1_113' title='bbox 583 816 707 847; x_wconf 83' lang='lat' dir='ltr'>ratione</span> <span class='ocrx_word' id='word_1_114' title='bbox 733 815 895 859; x_wconf 86' lang='lat' dir='ltr'>perficiet,</span> <span class='ocrx_word' id='word_1_115' title='bbox 934 817 998 848; x_wconf 88' lang='lat' dir='ltr'>nisi</span> <span class='ocrx_word' id='word_1_116' title='bbox 1033 818 1208 849; x_wconf 79' lang='lat' dir='ltr'>testimonii</span> <span class='ocrx_word' id='word_1_117' title='bbox 1244 818 1433 850; x_wconf 84' lang='lat' dir='ltr'>auctoritate</span> <span class='ocrx_word' id='word_1_118' title='bbox 1458 825 1584 857; x_wconf 86' lang='lat' dir='ltr'>utatur,</span> 
     </span>
     <span class='ocr_line' id='line_1_13' title="bbox 105 872 1586 919; baseline 0 -13"><span class='ocrx_word' id='word_1_119' title='bbox 105 886 144 907; x_wconf 84' lang='lat' dir='ltr'>ex</span> <span class='ocrx_word' id='word_1_120' title='bbox 167 875 300 906; x_wconf 83' lang='lat' dir='ltr'>vetustis</span> <span class='ocrx_word' id='word_1_121' title='bbox 335 873 500 905; x_wconf 87' lang='lat' dir='ltr'>codicibus</span> <span class='ocrx_word' id='word_1_122' title='bbox 525 872 680 915; x_wconf 80' lang='lat' dir='ltr'>petenda,</span> <span class='ocrx_word' id='word_1_123' title='bbox 712 874 913 916; x_wconf 85' lang='lat' dir='ltr'>singulisque</span> <span class='ocrx_word' id='word_1_124' title='bbox 946 874 1029 905; x_wconf 89' lang='lat' dir='ltr'>inter</span> <span class='ocrx_word' id='word_1_125' title='bbox 1058 885 1092 906; x_wconf 90' lang='lat' dir='ltr'>se</span> <span class='ocrx_word' id='word_1_126' title='bbox 1119 874 1322 906; x_wconf 81' lang='lat' dir='ltr'>conferendis</span> <span class='ocrx_word' id='word_1_127' title='bbox 1348 881 1423 906; x_wconf 88' lang='lat' dir='ltr'>cum</span> <span class='ocrx_word' id='word_1_128' title='bbox 1453 876 1586 919; x_wconf 88' lang='lat' dir='ltr'>reliquis</span> 
     </span>
     <span class='ocr_line' id='line_1_14' title="bbox 105 930 1585 975; baseline -0.001 -13"><span class='ocrx_word' id='word_1_129' title='bbox 105 931 332 975; x_wconf 83' lang='lat' dir='ltr'>scriptoribus,</span> <span class='ocrx_word' id='word_1_130' title='bbox 355 938 426 962; x_wconf 91' lang='lat' dir='ltr'>tum</span> <span class='ocrx_word' id='word_1_131' title='bbox 451 930 695 961; x_wconf 77' lang='lat' dir='ltr'>Grammaticis?</span> <span class='ocrx_word' id='word_1_132' title='bbox 741 932 852 973; x_wconf 89' lang='lat' dir='ltr'>Neque</span> <span class='ocrx_word' id='word_1_133' title='bbox 879 930 997 962; x_wconf 89' lang='lat' dir='ltr'>horum</span> <span class='ocrx_word' id='word_1_134' title='bbox 1018 932 1163 975; x_wconf 84' lang='lat' dir='ltr'>ipsorum</span> <span class='ocrx_word' id='word_1_135' title='bbox 1186 932 1338 970; x_wconf 87' lang='lat' dir='ltr'>testium,</span> <span class='ocrx_word' id='word_1_136' title='bbox 1363 938 1400 963; x_wconf 88' lang='lat' dir='ltr'>ut</span> <span class='ocrx_word' id='word_1_137' title='bbox 1430 933 1464 964; x_wconf 91' lang='lat' dir='ltr'>in</span> <span class='ocrx_word' id='word_1_138' title='bbox 1484 932 1585 964; x_wconf 83' lang='lat' dir='ltr'>histo.</span> 
     </span>
     <span class='ocr_line' id='line_1_15' title="bbox 104 976 1585 1032; baseline -0.001 -11"><span class='ocrx_word' id='word_1_139' title='bbox 104 989 168 1027; x_wconf 79' lang='lat' dir='ltr'>ria,</span> <span class='ocrx_word' id='word_1_140' title='bbox 189 989 337 1032; x_wconf 87' lang='lat' dir='ltr'>explicita</span> <span class='ocrx_word' id='word_1_141' title='bbox 360 994 407 1019; x_wconf 90' lang='lat' dir='ltr'>est</span> <span class='ocrx_word' id='word_1_142' title='bbox 436 993 532 1030; x_wconf 82' lang='lat' dir='ltr'>atque</span> <span class='ocrx_word' id='word_1_143' title='bbox 561 987 708 1030; x_wconf 81' lang='lat' dir='ltr'>expedita</span> <span class='ocrx_word' id='word_1_144' title='bbox 733 976 924 1027; x_wconf 79' lang='lat' dir='ltr'>auctoritas,</span> <span class='ocrx_word' id='word_1_145' title='bbox 958 999 1034 1020; x_wconf 87' lang='lat' dir='ltr'>cum</span> <span class='ocrx_word' id='word_1_146' title='bbox 1071 995 1201 1032; x_wconf 87' lang='lat' dir='ltr'>propter</span> <span class='ocrx_word' id='word_1_147' title='bbox 1234 1000 1428 1027; x_wconf 89' lang='lat' dir='ltr'>numerum,</span> <span class='ocrx_word' id='word_1_148' title='bbox 1462 991 1585 1021; x_wconf 88' lang='lat' dir='ltr'>variam</span> 
     </span>
     <span class='ocr_line' id='line_1_16' title="bbox 102 1044 1585 1088; baseline 0 -11"><span class='ocrx_word' id='word_1_149' title='bbox 102 1052 258 1083; x_wconf 80' lang='lat' dir='ltr'>aetatem,</span> <span class='ocrx_word' id='word_1_150' title='bbox 284 1052 354 1076; x_wconf 89' lang='lat' dir='ltr'>tum</span> <span class='ocrx_word' id='word_1_151' title='bbox 384 1045 419 1075; x_wconf 91' lang='lat' dir='ltr'>in</span> <span class='ocrx_word' id='word_1_152' title='bbox 443 1044 556 1086; x_wconf 82' lang='lat' dir='ltr'>primis</span> <span class='ocrx_word' id='word_1_153' title='bbox 582 1044 626 1075; x_wconf 88' lang='lat' dir='ltr'>ob</span> <span class='ocrx_word' id='word_1_154' title='bbox 645 1044 825 1076; x_wconf 84' lang='lat' dir='ltr'>dissensum</span> <span class='ocrx_word' id='word_1_155' title='bbox 853 1052 949 1088; x_wconf 88' lang='lat' dir='ltr'>atque</span> <span class='ocrx_word' id='word_1_156' title='bbox 972 1045 1218 1085; x_wconf 81' lang='lat' dir='ltr'>obscuritatem3</span> <span class='ocrx_word' id='word_1_157' title='bbox 1248 1057 1289 1077; x_wconf 90' lang='lat' dir='ltr'>ne</span> <span class='ocrx_word' id='word_1_158' title='bbox 1322 1046 1427 1077; x_wconf 88' lang='lat' dir='ltr'>dicam</span> <span class='ocrx_word' id='word_1_159' title='bbox 1450 1057 1490 1077; x_wconf 83' lang='lat' dir='ltr'>ex</span> <span class='ocrx_word' id='word_1_160' title='bbox 1515 1047 1585 1077; x_wconf 84' lang='lat' dir='ltr'>uni-</span> 
     </span>
     <span class='ocr_line' id='line_1_17' title="bbox 102 1101 1581 1146; baseline 0 -12"><span class='ocrx_word' id='word_1_161' title='bbox 102 1111 210 1135; x_wconf 76' lang='lat' dir='ltr'>versae</span> <span class='ocrx_word' id='word_1_162' title='bbox 240 1102 424 1145; x_wconf 83' lang='lat' dir='ltr'>cognitione</span> <span class='ocrx_word' id='word_1_163' title='bbox 458 1107 490 1132; x_wconf 84' lang='lat' dir='ltr'>et</span> <span class='ocrx_word' id='word_1_164' title='bbox 523 1101 762 1144; x_wconf 85' lang='lat' dir='ltr'>comparatione</span> <span class='ocrx_word' id='word_1_165' title='bbox 802 1102 1002 1145; x_wconf 85' lang='lat' dir='ltr'>antiquitatis</span> <span class='ocrx_word' id='word_1_166' title='bbox 1039 1102 1241 1145; x_wconf 85' lang='lat' dir='ltr'>singularum</span> <span class='ocrx_word' id='word_1_167' title='bbox 1283 1113 1365 1146; x_wconf 88' lang='lat' dir='ltr'>pene</span> <span class='ocrx_word' id='word_1_168' title='bbox 1400 1102 1581 1134; x_wconf 87' lang='lat' dir='ltr'>dictionum</span> 
     </span>
     <span class='ocr_line' id='line_1_18' title="bbox 101 1157 1580 1202; baseline -0.001 -10"><span class='ocrx_word' id='word_1_169' title='bbox 101 1160 291 1192; x_wconf 86' lang='lat' dir='ltr'>sententiam</span> <span class='ocrx_word' id='word_1_170' title='bbox 314 1159 546 1202; x_wconf 82' lang='lat' dir='ltr'>exquirendam</span> <span class='ocrx_word' id='word_1_171' title='bbox 567 1164 599 1188; x_wconf 90' lang='lat' dir='ltr'>et</span> <span class='ocrx_word' id='word_1_172' title='bbox 622 1157 862 1201; x_wconf 84' lang='lat' dir='ltr'>dijudicandam</span> <span class='ocrx_word' id='word_1_173' title='bbox 887 1169 966 1192; x_wconf 72' lang='lat' dir='ltr'>esse,</span> <span class='ocrx_word' id='word_1_174' title='bbox 1020 1160 1086 1191; x_wconf 88' lang='lat' dir='ltr'>Nec</span> <span class='ocrx_word' id='word_1_175' title='bbox 1108 1159 1239 1202; x_wconf 86' lang='lat' dir='ltr'>repellet</span> <span class='ocrx_word' id='word_1_176' title='bbox 1265 1170 1340 1190; x_wconf 89' lang='lat' dir='ltr'>eum</span> <span class='ocrx_word' id='word_1_177' title='bbox 1373 1158 1580 1191; x_wconf 89' lang='lat' dir='ltr'>librariorum</span> 
     </span>
     <span class='ocr_line' id='line_1_19' title="bbox 100 1214 1581 1261; baseline -0.001 -12"><span class='ocrx_word' id='word_1_178' title='bbox 100 1217 300 1261; x_wconf 82' lang='lat' dir='ltr'>ignorantia,</span> <span class='ocrx_word' id='word_1_179' title='bbox 322 1215 506 1247; x_wconf 83' lang='lat' dir='ltr'>clarissimis</span> <span class='ocrx_word' id='word_1_180' title='bbox 532 1214 630 1246; x_wconf 84' lang='lat' dir='ltr'>rebus</span> <span class='ocrx_word' id='word_1_181' title='bbox 653 1214 799 1246; x_wconf 85' lang='lat' dir='ltr'>tenebras</span> <span class='ocrx_word' id='word_1_182' title='bbox 823 1215 988 1248; x_wconf 88' lang='lat' dir='ltr'>obducens</span> <span class='ocrx_word' id='word_1_183' title='bbox 1013 1226 1126 1259; x_wconf 87' lang='lat' dir='ltr'>saepe,</span> <span class='ocrx_word' id='word_1_184' title='bbox 1157 1226 1298 1259; x_wconf 90' lang='lat' dir='ltr'>suaeque</span> <span class='ocrx_word' id='word_1_185' title='bbox 1321 1217 1431 1248; x_wconf 86' lang='lat' dir='ltr'>aetatis</span> <span class='ocrx_word' id='word_1_186' title='bbox 1454 1227 1490 1248; x_wconf 89' lang='lat' dir='ltr'>ac</span> <span class='ocrx_word' id='word_1_187' title='bbox 1519 1217 1581 1248; x_wconf 88' lang='lat' dir='ltr'>lin-</span> 
     </span>
     <span class='ocr_line' id='line_1_20' title="bbox 99 1272 1582 1318; baseline 0 -13"><span class='ocrx_word' id='word_1_188' title='bbox 99 1285 182 1318; x_wconf 85' lang='lat' dir='ltr'>guae</span> <span class='ocrx_word' id='word_1_189' title='bbox 204 1272 313 1305; x_wconf 90' lang='lat' dir='ltr'>sordes</span> <span class='ocrx_word' id='word_1_190' title='bbox 329 1272 539 1304; x_wconf 87' lang='lat' dir='ltr'>nitidissimae</span> <span class='ocrx_word' id='word_1_191' title='bbox 565 1278 710 1304; x_wconf 89' lang='lat' dir='ltr'>veterum</span> <span class='ocrx_word' id='word_1_192' title='bbox 732 1273 870 1304; x_wconf 86' lang='lat' dir='ltr'>orationi</span> <span class='ocrx_word' id='word_1_193' title='bbox 900 1272 1117 1312; x_wconf 88' lang='lat' dir='ltr'>substituens;</span> <span class='ocrx_word' id='word_1_194' title='bbox 1149 1284 1254 1316; x_wconf 88' lang='lat' dir='ltr'>neque</span> <span class='ocrx_word' id='word_1_195' title='bbox 1279 1273 1425 1305; x_wconf 84' lang='lat' dir='ltr'>socordia</span> <span class='ocrx_word' id='word_1_196' title='bbox 1452 1280 1507 1305; x_wconf 86' lang='lat' dir='ltr'>aut</span> <span class='ocrx_word' id='word_1_197' title='bbox 1526 1285 1582 1306; x_wconf 91' lang='lat' dir='ltr'>ne-</span> 
     </span>
     <span class='ocr_line' id='line_1_21' title="bbox 95 1321 1589 1375; baseline 0 -13"><span class='ocrx_word' id='word_1_198' title='bbox 95 1331 270 1375; x_wconf 81' lang='lat' dir='ltr'>gligentia,</span> <span class='ocrx_word' id='word_1_199' title='bbox 301 1330 404 1361; x_wconf 87' lang='lat' dir='ltr'>multa</span> <span class='ocrx_word' id='word_1_200' title='bbox 431 1330 582 1361; x_wconf 86' lang='lat' dir='ltr'>omittens</span> <span class='ocrx_word' id='word_1_201' title='bbox 600 1353 609 1367; x_wconf 88' lang='lat'><em>‚</em></span> <span class='ocrx_word' id='word_1_202' title='bbox 645 1329 785 1372; x_wconf 89' lang='lat' dir='ltr'>plurima</span> <span class='ocrx_word' id='word_1_203' title='bbox 821 1341 972 1374; x_wconf 86' lang='lat' dir='ltr'>perverso</span> <span class='ocrx_word' id='word_1_204' title='bbox 1004 1329 1119 1361; x_wconf 87' lang='lat' dir='ltr'>ordine</span> <span class='ocrx_word' id='word_1_205' title='bbox 1159 1329 1295 1361; x_wconf 84' lang='lat' dir='ltr'>tradens.</span> <span class='ocrx_word' id='word_1_206' title='bbox 1351 1332 1420 1362; x_wconf 92' lang='lat' dir='ltr'>Aut</span> <span class='ocrx_word' id='word_1_207' title='bbox 1456 1321 1589 1362; x_wconf 51' lang='lat' dir='ltr'>histor-i?</span> 
     </span>
     <span class='ocr_line' id='line_1_22' title="bbox 97 1385 1577 1431; baseline 0 -11"><span class='ocrx_word' id='word_1_208' title='bbox 97 1399 173 1425; x_wconf 76' lang='lat' dir='ltr'>cum</span> <span class='ocrx_word' id='word_1_209' title='bbox 205 1388 470 1425; x_wconf 86' lang='lat' dir='ltr'>contemnimus,</span> <span class='ocrx_word' id='word_1_210' title='bbox 501 1387 578 1429; x_wconf 93' lang='lat' dir='ltr'>qui,</span> <span class='ocrx_word' id='word_1_211' title='bbox 610 1387 725 1430; x_wconf 90' lang='lat' dir='ltr'>spretis</span> <span class='ocrx_word' id='word_1_212' title='bbox 760 1386 917 1418; x_wconf 83' lang='lat' dir='ltr'>tralatitiis</span> <span class='ocrx_word' id='word_1_213' title='bbox 944 1385 1140 1430; x_wconf 89' lang='lat' dir='ltr'>quibusdam</span> <span class='ocrx_word' id='word_1_214' title='bbox 1171 1386 1376 1418; x_wconf 89' lang='lat' dir='ltr'>historiarum</span> <span class='ocrx_word' id='word_1_215' title='bbox 1401 1388 1577 1431; x_wconf 83' lang='lat' dir='ltr'>capitibus,</span> 
     </span>
     <span class='ocr_line' id='line_1_23' title="bbox 97 1443 1578 1489; baseline -0.001 -12"><span class='ocrx_word' id='word_1_216' title='bbox 97 1452 128 1478; x_wconf 89' lang='lat' dir='ltr'>et</span> <span class='ocrx_word' id='word_1_217' title='bbox 156 1446 243 1489; x_wconf 82' lang='lat' dir='ltr'>ipsos</span> <span class='ocrx_word' id='word_1_218' title='bbox 265 1445 436 1476; x_wconf 75' lang='lat' dir='ltr'>historicos</span> <span class='ocrx_word' id='word_1_219' title='bbox 460 1444 634 1487; x_wconf 80' lang='lat' dir='ltr'>antiquos,</span> <span class='ocrx_word' id='word_1_220' title='bbox 658 1455 725 1487; x_wconf 92' lang='lat' dir='ltr'>quo</span> <span class='ocrx_word' id='word_1_221' title='bbox 753 1445 891 1487; x_wconf 90' lang='lat' dir='ltr'>quisque</span> <span class='ocrx_word' id='word_1_222' title='bbox 920 1445 1066 1487; x_wconf 83' lang='lat' dir='ltr'>proxime</span> <span class='ocrx_word' id='word_1_223' title='bbox 1097 1443 1138 1475; x_wconf 91' lang='lat' dir='ltr'>ab</span> <span class='ocrx_word' id='word_1_224' title='bbox 1165 1444 1204 1475; x_wconf 89' lang='lat' dir='ltr'>iis</span> <span class='ocrx_word' id='word_1_225' title='bbox 1237 1444 1438 1487; x_wconf 83' lang='lat' dir='ltr'>temporibus</span> <span class='ocrx_word' id='word_1_226' title='bbox 1467 1444 1578 1487; x_wconf 86' lang='lat' dir='ltr'>abest,</span> 
     </span>
     <span class='ocr_line' id='line_1_24' title="bbox 96 1490 1576 1545; baseline 0 -11"><span class='ocrx_word' id='word_1_227' title='bbox 96 1502 136 1535; x_wconf 86' lang='lat' dir='ltr'>de</span> <span class='ocrx_word' id='word_1_228' title='bbox 152 1502 272 1545; x_wconf 90' lang='lat' dir='ltr'>quibus</span> <span class='ocrx_word' id='word_1_229' title='bbox 296 1501 409 1541; x_wconf 86' lang='lat' dir='ltr'>tradit,</span> <span class='ocrx_word' id='word_1_230' title='bbox 431 1500 518 1531; x_wconf 88' lang='lat' dir='ltr'>adire</span> <span class='ocrx_word' id='word_1_231' title='bbox 539 1500 637 1540; x_wconf 90' lang='lat' dir='ltr'>solet,</span> <span class='ocrx_word' id='word_1_232' title='bbox 659 1500 863 1544; x_wconf 88' lang='lat' dir='ltr'>aliorumque</span> <span class='ocrx_word' id='word_1_233' title='bbox 879 1501 936 1544; x_wconf 92' lang='lat' dir='ltr'>qui</span> <span class='ocrx_word' id='word_1_234' title='bbox 958 1499 1062 1532; x_wconf 85' lang='lat' dir='ltr'>fontes</span> <span class='ocrx_word' id='word_1_235' title='bbox 1079 1507 1110 1532; x_wconf 88' lang='lat' dir='ltr'>et</span> <span class='ocrx_word' id='word_1_236' title='bbox 1130 1500 1240 1543; x_wconf 81' lang='lat' dir='ltr'>quales</span> <span class='ocrx_word' id='word_1_237' title='bbox 1265 1499 1401 1540; x_wconf 84' lang='lat' dir='ltr'>fuerint,</span> <span class='ocrx_word' id='word_1_238' title='bbox 1425 1490 1576 1545; x_wconf 81' lang='lat' dir='ltr'>indagare</span> 
     </span>
     <span class='ocr_line' id='line_1_25' title="bbox 93 1557 1574 1603; baseline -0.001 -12"><span class='ocrx_word' id='word_1_239' title='bbox 93 1571 130 1592; x_wconf 84' lang='lat' dir='ltr'>ac</span> <span class='ocrx_word' id='word_1_240' title='bbox 156 1569 345 1603; x_wconf 83' lang='lat' dir='ltr'>pernoscere</span> <span class='ocrx_word' id='word_1_241' title='bbox 370 1557 495 1596; x_wconf 86' lang='lat' dir='ltr'>studet,</span> <span class='ocrx_word' id='word_1_242' title='bbox 526 1568 609 1601; x_wconf 86' lang='lat' dir='ltr'>quae</span> <span class='ocrx_word' id='word_1_243' title='bbox 635 1558 787 1600; x_wconf 84' lang='lat' dir='ltr'>ingenia,</span> <span class='ocrx_word' id='word_1_244' title='bbox 818 1564 928 1588; x_wconf 89' lang='lat' dir='ltr'>utrum</span> <span class='ocrx_word' id='word_1_245' title='bbox 953 1559 1071 1600; x_wconf 86' lang='lat' dir='ltr'>gratiae</span> <span class='ocrx_word' id='word_1_246' title='bbox 1095 1568 1136 1588; x_wconf 92' lang='lat' dir='ltr'>an</span> <span class='ocrx_word' id='word_1_247' title='bbox 1158 1557 1330 1588; x_wconf 88' lang='lat' dir='ltr'>simultatis</span> <span class='ocrx_word' id='word_1_248' title='bbox 1354 1558 1435 1601; x_wconf 84' lang='lat' dir='ltr'>quid</span> <span class='ocrx_word' id='word_1_249' title='bbox 1458 1558 1497 1589; x_wconf 88' lang='lat' dir='ltr'>ad</span> <span class='ocrx_word' id='word_1_250' title='bbox 1523 1570 1574 1590; x_wconf 88' lang='lat' dir='ltr'>res</span> 
     </span>
     <span class='ocr_line' id='line_1_26' title="bbox 91 1613 1573 1658; baseline -0.001 -10"><span class='ocrx_word' id='word_1_251' title='bbox 91 1614 336 1648; x_wconf 66' lang='lat' dir='ltr'>conscribendas</span> <span class='ocrx_word' id='word_1_252' title='bbox 360 1614 543 1653; x_wconf 87' lang='lat' dir='ltr'>attulerint,</span> <span class='ocrx_word' id='word_1_253' title='bbox 574 1614 683 1646; x_wconf 83' lang='lat' dir='ltr'>verine</span> <span class='ocrx_word' id='word_1_254' title='bbox 708 1614 900 1658; x_wconf 87' lang='lat' dir='ltr'>exquirendi</span> <span class='ocrx_word' id='word_1_255' title='bbox 918 1625 1028 1646; x_wconf 87' lang='lat' dir='ltr'>caussa</span> <span class='ocrx_word' id='word_1_256' title='bbox 1042 1638 1053 1653; x_wconf 88' lang='lat'>‚</span> <span class='ocrx_word' id='word_1_257' title='bbox 1079 1625 1121 1646; x_wconf 89' lang='lat' dir='ltr'>an</span> <span class='ocrx_word' id='word_1_258' title='bbox 1143 1613 1399 1658; x_wconf 86' lang='lat' dir='ltr'>reprehendendi</span> <span class='ocrx_word' id='word_1_259' title='bbox 1415 1622 1471 1646; x_wconf 82' lang='lat' dir='ltr'>aut</span> <span class='ocrx_word' id='word_1_260' title='bbox 1493 1615 1573 1647; x_wconf 82' lang='lat' dir='ltr'>adu-</span> 
     </span>
     <span class='ocr_line' id='line_1_27' title="bbox 91 1670 581 1707; baseline -0.01 -1"><span class='ocrx_word' id='word_1_261' title='bbox 91 1673 179 1707; x_wconf 77' lang='lat' dir='ltr'>landi</span> <span class='ocrx_word' id='word_1_262' title='bbox 201 1671 307 1704; x_wconf 89' lang='lat' dir='ltr'>studio</span> <span class='ocrx_word' id='word_1_263' title='bbox 332 1672 412 1702; x_wconf 87' lang='lat' dir='ltr'>moti</span> <span class='ocrx_word' id='word_1_264' title='bbox 441 1670 581 1702; x_wconf 80' lang='lat' dir='ltr'>fuerint?</span> 
     </span>
    </p>

    <p class='ocr_par' dir='ltr' id='par_1_3' title="bbox 88 1726 1571 1992">
     <span class='ocr_line' id='line_1_28' title="bbox 154 1726 1570 1772; baseline -0.001 -9"><span class='ocrx_word' id='word_1_265' title='bbox 154 1731 226 1763; x_wconf 88' lang='lat' dir='ltr'>Erit</span> <span class='ocrx_word' id='word_1_266' title='bbox 261 1729 360 1771; x_wconf 84' lang='lat' dir='ltr'>igitur</span> <span class='ocrx_word' id='word_1_267' title='bbox 390 1735 498 1759; x_wconf 87' lang='lat' dir='ltr'>noster</span> <span class='ocrx_word' id='word_1_268' title='bbox 529 1728 582 1759; x_wconf 84' lang='lat' dir='ltr'>ille</span> <span class='ocrx_word' id='word_1_269' title='bbox 609 1730 866 1768; x_wconf 88' lang='lat' dir='ltr'>Grammaticus,</span> <span class='ocrx_word' id='word_1_270' title='bbox 895 1728 923 1759; x_wconf 85' lang='lat' dir='ltr'>si</span> <span class='ocrx_word' id='word_1_271' title='bbox 960 1729 1164 1772; x_wconf 83' lang='lat' dir='ltr'>praecipuam</span> <span class='ocrx_word' id='word_1_272' title='bbox 1195 1727 1279 1760; x_wconf 85' lang='lat' dir='ltr'>hanc</span> <span class='ocrx_word' id='word_1_273' title='bbox 1314 1726 1415 1760; x_wconf 87' lang='lat' dir='ltr'>officii</span> <span class='ocrx_word' id='word_1_274' title='bbox 1447 1734 1570 1772; x_wconf 86' lang='lat' dir='ltr'>partem</span> 
     </span>
     <span class='ocr_line' id='line_1_29' title="bbox 89 1784 1566 1831; baseline -0.003 -11"><span class='ocrx_word' id='word_1_275' title='bbox 89 1787 216 1831; x_wconf 87' lang='lat' dir='ltr'>explere</span> <span class='ocrx_word' id='word_1_276' title='bbox 245 1785 347 1822; x_wconf 86' lang='lat' dir='ltr'>volet,</span> <span class='ocrx_word' id='word_1_277' title='bbox 379 1784 476 1815; x_wconf 83' lang='lat' dir='ltr'>simut</span> <span class='ocrx_word' id='word_1_278' title='bbox 507 1785 669 1823; x_wconf 66' lang='lat' dir='ltr'>Crhicus,</span> <span class='ocrx_word' id='word_1_279' title='bbox 700 1797 805 1829; x_wconf 89' lang='lat' dir='ltr'>neque</span> <span class='ocrx_word' id='word_1_280' title='bbox 838 1785 979 1830; x_wconf 87' lang='lat' dir='ltr'>superbo</span> <span class='ocrx_word' id='word_1_281' title='bbox 1013 1792 1044 1817; x_wconf 89' lang='lat' dir='ltr'>et</span> <span class='ocrx_word' id='word_1_282' title='bbox 1073 1785 1185 1816; x_wconf 88' lang='lat' dir='ltr'>odioso</span> <span class='ocrx_word' id='word_1_283' title='bbox 1224 1786 1357 1817; x_wconf 90' lang='lat' dir='ltr'>nomine</span> <span class='ocrx_word' id='word_1_284' title='bbox 1391 1785 1566 1818; x_wconf 85' lang='lat' dir='ltr'>deterrebi-</span> 
     </span>
     <span class='ocr_line' id='line_1_30' title="bbox 90 1842 1571 1886; baseline -0.003 -9"><span class='ocrx_word' id='word_1_285' title='bbox 90 1852 144 1877; x_wconf 79' lang='lat' dir='ltr'>tur</span> <span class='ocrx_word' id='word_1_286' title='bbox 169 1845 238 1886; x_wconf 86' lang='lat' dir='ltr'>ejus</span> <span class='ocrx_word' id='word_1_287' title='bbox 257 1848 352 1880; x_wconf 84' lang='lat' dir='ltr'>artis,</span> <span class='ocrx_word' id='word_1_288' title='bbox 375 1852 456 1885; x_wconf 87' lang='lat' dir='ltr'>quae</span> <span class='ocrx_word' id='word_1_289' title='bbox 479 1852 576 1884; x_wconf 86' lang='lat' dir='ltr'>quam</span> <span class='ocrx_word' id='word_1_290' title='bbox 603 1843 722 1885; x_wconf 88' lang='lat' dir='ltr'>injuste</span> <span class='ocrx_word' id='word_1_291' title='bbox 751 1843 906 1875; x_wconf 85' lang='lat' dir='ltr'>invidiam</span> <span class='ocrx_word' id='word_1_292' title='bbox 933 1842 1127 1885; x_wconf 89' lang='lat' dir='ltr'>susceperit,</span> <span class='ocrx_word' id='word_1_293' title='bbox 1152 1843 1186 1873; x_wconf 90' lang='lat' dir='ltr'>in</span> <span class='ocrx_word' id='word_1_294' title='bbox 1205 1843 1367 1885; x_wconf 86' lang='lat' dir='ltr'>praeclaro</span> <span class='ocrx_word' id='word_1_295' title='bbox 1393 1842 1451 1874; x_wconf 92' lang='lat' dir='ltr'>illo</span> <span class='ocrx_word' id='word_1_296' title='bbox 1475 1843 1571 1875; x_wconf 85' lang='lat' dir='ltr'>Hem-</span> 
     </span>
     <span class='ocr_line' id='line_1_31' title="bbox 88 1898 1570 1942; baseline -0.001 -9"><span class='ocrx_word' id='word_1_297' title='bbox 88 1900 238 1939; x_wconf 70' lang='lat' dir='ltr'>sterliusii</span> <span class='ocrx_word' id='word_1_298' title='bbox 263 1898 376 1941; x_wconf 87' lang='lat' dir='ltr'>Elogio</span> <span class='ocrx_word' id='word_1_299' title='bbox 401 1898 588 1942; x_wconf 79' lang='lat' dir='ltr'>explicitum</span> <span class='ocrx_word' id='word_1_300' title='bbox 616 1906 674 1932; x_wconf 84' lang='lat' dir='ltr'>est.</span> <span class='ocrx_word' id='word_1_301' title='bbox 718 1902 808 1932; x_wconf 80' lang='lat' dir='ltr'>Hanc</span> <span class='ocrx_word' id='word_1_302' title='bbox 834 1900 924 1932; x_wconf 85' lang='lat' dir='ltr'>enim</span> <span class='ocrx_word' id='word_1_303' title='bbox 948 1900 1066 1930; x_wconf 89' lang='lat' dir='ltr'>mentis</span> <span class='ocrx_word' id='word_1_304' title='bbox 1100 1899 1306 1942; x_wconf 80' lang='lat' dir='ltr'>agitationem</span> <span class='ocrx_word' id='word_1_305' title='bbox 1338 1900 1395 1942; x_wconf 88' lang='lat' dir='ltr'>qui</span> <span class='ocrx_word' id='word_1_306' title='bbox 1421 1900 1456 1930; x_wconf 92' lang='lat' dir='ltr'>in</span> <span class='ocrx_word' id='word_1_307' title='bbox 1483 1899 1570 1931; x_wconf 81' lang='lat' dir='ltr'>hisce</span> 
     </span>
     <span class='ocr_line' id='line_1_32' title="bbox 90 1955 1570 1992; baseline -0.003 -1"><span class='ocrx_word' id='word_1_308' title='bbox 90 1958 190 1991; x_wconf 79' lang='lat' dir='ltr'>literis</span> <span class='ocrx_word' id='word_1_309' title='bbox 216 1959 382 1992; x_wconf 74' lang='lat' dir='ltr'>coercent,</span> <span class='ocrx_word' id='word_1_310' title='bbox 413 1955 515 1988; x_wconf 88' lang='lat' dir='ltr'>solem</span> <span class='ocrx_word' id='word_1_311' title='bbox 548 1956 566 1987; x_wconf 77' lang='lat' dir='ltr'>e</span> <span class='ocrx_word' id='word_1_312' title='bbox 599 1956 723 1988; x_wconf 88' lang='lat' dir='ltr'>mundo</span> <span class='ocrx_word' id='word_1_313' title='bbox 749 1956 860 1989; x_wconf 90' lang='lat' dir='ltr'>tollere</span> <span class='ocrx_word' id='word_1_314' title='bbox 891 1956 1053 1988; x_wconf 87' lang='lat' dir='ltr'>videntur·</span> <span class='ocrx_word' id='word_1_315' title='bbox 1105 1955 1235 1988; x_wconf 88' lang='lat' dir='ltr'>Abeant</span> <span class='ocrx_word' id='word_1_316' title='bbox 1265 1957 1317 1988; x_wconf 89' lang='lat' dir='ltr'>isti</span> <span class='ocrx_word' id='word_1_317' title='bbox 1345 1957 1485 1987; x_wconf 85' lang='lat' dir='ltr'>novitiae</span> <span class='ocrx_word' id='word_1_318' title='bbox 1512 1956 1570 1987; x_wconf 86' lang='lat' dir='ltr'>cle-</span> 
     </span>
    </p>
   </div>
   <div class='ocr_carea' id='block_1_3' title="bbox 90 2011 1571 2104">
    <p class='ocr_par' dir='ltr' id='par_1_4' title="bbox 90 2011 1571 2104">
     <span class='ocr_line' id='line_1_33' title="bbox 90 2011 1569 2059; baseline -0.001 -12"><span class='ocrx_word' id='word_1_319' title='bbox 90 2015 214 2059; x_wconf 76' lang='lat' dir='ltr'>gantiae</span> <span class='ocrx_word' id='word_1_320' title='bbox 242 2012 388 2057; x_wconf 82' lang='lat' dir='ltr'>patroni,</span> <span class='ocrx_word' id='word_1_321' title='bbox 410 2023 551 2056; x_wconf 87' lang='lat' dir='ltr'>quorum</span> <span class='ocrx_word' id='word_1_322' title='bbox 577 2014 749 2058; x_wconf 78' lang='lat' dir='ltr'>supercilio</span> <span class='ocrx_word' id='word_1_323' title='bbox 771 2025 808 2048; x_wconf 88' lang='lat' dir='ltr'>ac</span> <span class='ocrx_word' id='word_1_324' title='bbox 827 2014 1052 2047; x_wconf 85' lang='lat' dir='ltr'>delicatissimo</span> <span class='ocrx_word' id='word_1_325' title='bbox 1073 2011 1217 2052; x_wconf 81' lang='lat' dir='ltr'>fastidio,</span> <span class='ocrx_word' id='word_1_326' title='bbox 1242 2014 1377 2053; x_wconf 88' lang='lat' dir='ltr'>Mureti,</span> <span class='ocrx_word' id='word_1_327' title='bbox 1401 2019 1433 2045; x_wconf 91' lang='lat' dir='ltr'>et</span> <span class='ocrx_word' id='word_1_328' title='bbox 1455 2014 1569 2046; x_wconf 49' lang='lat' dir='ltr'>Ruhuv</span> 
     </span>
     <span class='ocr_line' id='line_1_34' title="bbox 341 2065 1571 2104; baseline -0.007 4"><span class='ocrx_word' id='word_1_329' title='bbox 341 2065 346 2069; x_wconf 82' lang='grc'><em>“</em></span> <span class='ocrx_word' id='word_1_330' title='bbox 914 2071 942 2104; x_wconf 93' lang='lat' dir='ltr'>c</span> <span class='ocrx_word' id='word_1_331' title='bbox 967 2081 987 2103; x_wconf 72' lang='lat' dir='ltr'>a</span> <span class='ocrx_word' id='word_1_332' title='bbox 1513 2067 1571 2100; x_wconf 78' lang='lat' dir='ltr'>ke-</span> 
     </span>
    </p>
   </div>
  </div>
 </body>
</html>
