1913 2427
231 163 256 200 Ε
486 155 804 194 ῘῙ.”-(,’,«(1ΑΝ
871 153 1518 188 nna-BOON‘MESCH

239 245 385 285 insignem
407 247 574 284 quarumvis
600 246 760 282 plan-tarum
784 250 934 272 numerum
965 241 1143 271 instituenda
1164 242 1358 278 repetiverunt
1374 243 1580 278 experimenta,
1602 248 1635 271 ut
1648 241 1769 272 dubium

241 302 395 336 videatur,
421 306 516 328 utrum
550 297 640 333 magis
665 295 829 329 admireris,
859 299 903 322 tot
926 299 957 321 et
980 293 1098 330 pulcras
1122 293 1191 322 adeo
1222 301 1291 329 opes
1315 293 1423 329 plantis
1447 294 1583 323 tribuisse
1603 294 1765 330 Naturam,

241 361 347 389 easque
377 352 446 387 adeo
479 347 645 379 artificiosis
678 346 759 382 quasi
783 344 856 374 velis
887 344 1063 380 obduxisse,
1094 354 1130 374 an
1154 352 1209 373 tam
1236 345 1411 380 exquisitum
1441 353 1517 381 opus
1543 346 1657 381 aggredi
1677 345 1769 374 susti-

239 404 340 433 nuisse
357 402 521 436 ·homines,
550 407 636 436 atque
659 404 704 426 tot
733 403 765 425 et
793 402 871 425 tanta
903 395 1016 425 admota
1048 396 1251 432 impedimenta
1275 403 1408 432 superare
1428 398 1576 431 tentasse,
1605 396 1768 432 horumque

240 455 359 491 ssiquot
378 452 545 483 dimovisse.
1083 456 1085 458 ·

280 504 616 534 Hanc'autem-arduam
644 506 915 537 remsusceperunt
937 500 1110 529 tractandam
1136 508 1194 529 non
1215 506 1326 528 tantum
1353 499 1525 528 recentiores
1553 499 1689 536 Physici,
1713 500 1766 531 sed

246 564 274 586 et
297 557 417 585 maxime
435 555 621 584 vetustiores.
662 552 706 585 Ut
732 552 805 581 enim
828 552 857 580 in
879 551 942 581 aliis
961 551 1124 588 disciplinis
1150 552 1225 580 haud
1248 560 1328 587 raro,
1350 552 1388 580 ita
1402 548 1441 580 ¹in
1461 552 1583 588 Physica
1602 551 1768 587 frequenter

246 606 383 642 accidie,
402 612 433 634 ut
452 605 502 641 qui
526 604 611 641 primi
637 612 693 632 rem
719 604 869 638 quamdam
899 608 1020 640 tractare
1047 608 1225 639 coeperunt,
1252 603 1282 631 in
1307 603 1361 631 *hac
1393 603 1635 632 memorabiliores
1662 602 1770 631 faciant

249 658 448 692 inventiones,
482 657 623 692 nulloque
647 655 848 691 praeoccupati
872 664 965 685 coeco
995 657 1160 693 systematis
1185 665 1281 685 amore
1313 658 1403 693 ipsam
1433 657 1578 685 veritatem
1605 655 1768 685 studiosius

249 710 425 746 quaeritent,
455 715 481 736 et
504 707 618 736 facilius
641 705 803 735 inveniant:
835 713 868 735 ut
892 707 941 742 qui
967 707 1100 744 deinceps
1129 709 1252 737 eamdem
1284 717 1339 737 rem
1361 708 1576 744 aggrediantur,
1607 707 1715 743 optime
1742 711 1771 734 et

249 770 319 791 suae
334 761 389 798 ipsi
410 760 518 795 faniae,
541 766 568 788 et
588 759 774 794 disciplinae,
797 766 881 793 quam
901 759 1020 793 colunt,
1040 760 1215 794 consuiant3
1239 760 1325 787 modo
1342 758 1482 794 quicquid
1498 758 1537 786 illi
1555 757 1768 794 praestiterint,

247 814 277 842 in
302 811 481 841 inveniendis
503 818 529 838 et
554 809 759 847 patefaciendis
785 810 869 838 rebus
895 809 1003 848 novis,¹
1029 810 1189 838 accuratius
1207 810 1356 846 indagent3
1380 809 1446 837 hinc
1467 809 1542 838 enim
1568 808 1771 844 adipiscuntur

250 870 458 894 momentosam
488 862 674 895 facultatem,
704 860 847 897 quiequid
878 861 1082 890 elaborandum
1109 862 1238 890 relietum
1263 862 1320 896 sit,
1347 861 1509 889 elaborandi
1538 866 1564 888 et
1586 857 1769 896 perficiendi:

250 920 335 955 cujus
360 919 398 946 rei
423 917 494 945 ratio
518 916 542 944 si
561 915 706 952 promtior
729 914 896 950 haberetur,
920 922 947 943 et
969 916 1047 951 ipsae
1073 914 1207 943 scientiae
1230 915 1298 949 plus
1321 912 1487 941 incrementi
1508 917 1657 948 caperent,
1679 916 1774 945 neque

249 968 477 998 viam-ulterius
507 967 707 1004 progrediendi
734 967 927 1002 praecluderet
961 973 1058 994 tantus
1086 965 1288 1002 figmentorum
1315 970 1343 991 et
1376 962 1582 999 hypothesium
1616 967 1773 995 numerus,

251 1027 401 1057 qua-ntus,
426 1019 599 1047 detrahendo
622 1019 656 1046 de
676 1024 802 1046 veterum
824 1017 1024 1045 inventionum
1047 1017 1150 1050 laude,
1175 1016 1253 1051 ipsas
1275 1014 1418 1042 convertit
1446 1013 1578 1041 scientias
1600 1011 1629 1040 in
1651 1011 1775 1040 dedecus

249 1074 340 1102 clarae
363 1071 491 1099 virorum
515 1069 668 1099 celebrium
693 1072 797 1103 ramae,
819 1074 865 1102 et,
893 1075 985 1104 spreta
1001 1069 1187 1097 inventorum
1210 1068 1380 1095 auctoritate
1396 1073 1423 1093 et
1444 1065 1600 1102 gravitate,
1626 1063 1657 1092 iu
1676 1064 1775 1091 locum

252 1123 486 1153 observationum
507 1128 533 1149 et
553 1121 783 1150 testimoniorum
796 1140 806 1156 ‚
827 1126 883 1148 tam
902 1119 1027 1149 fidelium
1043 1128 1132 1156 >quam
1152 1118 1266 1157 utilium
1278 1138 1288 1153 ,
1305 1117 1451 1154 protrudit
1466 1116 1558 1145 multa
1574 1114 1681 1149 laevia,
1703 1120 1777 1142 non-

251 1176 331 1206 nulla
353 1174 436 1203 etiam
460 1173 533 1201 falsa
551 1179 724 1201 commenta.

292 1227 349 1256 Hic
375 1227 468 1263 gravis
489 1235 567 1254 error
586 1226 614 1254 in
639 1227 723 1262 culpa
754 1224 829 1261 fnit,
858 1233 944 1262 quare
972 1232 1090 1261 quoqne
1117 1231 1176 1252 non
1200 1222 1340 1258 majores,
1371 1228 1447 1256 qnos
1477 1209 1677 1255 exspectares,
1705 1214 1782 1244 facti

254 1279 361 1308 fuerint
378 1285 550 1315 progressus
571 1277 601 1305 in
625 1278 825 1312 cognoscenda
849 1276 1052 1313 vegetabilium
1077 1274 1196 1303 fabrica.
1249 1272 1331 1301 Hanc
1357 1271 1432 1300 enim
1458 1270 1509 1306 qui
1530 1275 1621 1298 aetate
1641 1267 1726 1304 primi
1745 1271 1779 1295 et

253 1330 391 1368 gravitate
414 1329 580 1365 indagarunt
610 1327 759 1362 studiose,
788 1327 921 1362 quamvis
949 1327 1104 1363 aliquando
1130 1332 1229 1360 magna
1261 1323 1298 1351 rei
1326 1322 1499 1359 indagandae
1521 1319 1699 1349 obscuritate
1725 1325 1775 1345 eo-

256 1381 341 1410 hibiti
371 1381 405 1410 de
426 1380 529 1410 veriori
554 1379 600 1408 via
626 1378 774 1407 deflexisse
802 1378 857 1407 visi
891 1377 1018 1412 fuerint,
1047 1375 1189 1405 triumviri
1213 1374 1413 1411 AlalpIchius,
1443 1372 1597 1405 Grau-ius,
1625 1369 1779 1398 Leeuwen-

252 1433 389 1467 hmkius,
406 1425 553 1460 indefesso
571 1431 666 1458 labore
678 1451 688 1465 ,
707 1437 733 1457 et
749 1429 886 1466 singulari
903 1429 938 1457 ad
951 1428 1093 1466 eJusmodi
1111 1426 1206 1456 omnia
1223 1425 1388 1454 dexteritate
1399 1444 1409 1459 ‚
1426 1421 1646 1452 subtilissimam
1665 1424 1779 1455 vegeta-

259 1484 361 1512 bilium
385 1482 521 1511 fabricam
546 1490 645 1518 magna
674 1489 707 1508 ex
730 1487 808 1516 parte
839 1480 1020 1514 detexerunt,
1052 1478 1230 1515 egregiisque
1261 1476 1368 1504 tabulis
1397 1474 1535 1502 detectam
1569 1471 1774 1507 depinxerunt3

257 1534 392 1565 nonnuili
414 1542 500 1569 vero,
525 1533 574 1569 qui
601 1533 700 1561 deiude
726 1533 753 1560 in
771 1532 868 1560 eodem
893 1531 1011 1567 negorio
1039 1530 1155 1558 fuerunt
1173 1527 1326 1563 occupati,
1352 1525 1420 1560 ubi,
1442 1523 1527 1552 nimis
1545 1522 1608 1551 suis
1632 1521 1688 1557 ipsi
1713 1519 1783 1549 viri-

258 1587 313 1615 bus
334 1585 457 1617 confish.
481 1584 578 1613 fideles
601 1584 656 1612 hos
681 1584 768 1611 duces
791 1589 892 1610 temere
914 1582 1112 1618 reliquerunt,
1140 1588 1229 1608 errare
1251 1584 1408 1613 coeperunt
1435 1575 1482 1604 alii
1513 1574 1696 1609 indulgentes
1726 1570 1785 1599 fin-¹

259 1637 343 1673 gendi
370 1636 502 1672 ingenio,
525 1635 572 1662 alii
595 1635 680 1663 abusi
714 1633 807 1662 oculis
830 1634 963 1667 armatis,
993 1633 1038 1661 vel
1066 1632 1138 1660 istos
1162 1638 1261 1666 parurn
1289 1634 1440 1662 curantes,
1469 1625 1515 1654 alii
1540 1625 1715 1653 inhaerentes
1736 1621 1782 1651 ni-

260 1689 331 1716 miae
353 1687 515 1723 analogiae,
537 1685 583 1714 alii
609 1685 736 1721 impediti
761 1686 804 1714 vel
826 1684 963 1714 chemicis
989 1685 1034 1712 vel
1057 1681 1229 1711 mechanicis
1254 1679 1386 1716 placitis;
1418 1685 1450 1705 ut
1477 1676 1596 1712 quidvis
1621 1674 1699 1703 aliud
1715 1672 1782 1702 effo-

262 1740 336 1767 cisse
358 1739 523 1772 videantur,
551 1745 636 1772 quam
661 1736 766 1764 limites
791 1736 926 1765 scientiae
951 1733 1118 1771 vegetabilis
1146 1733 1268 1760 fabricae
1293 1730 1463 1759 extendisse·
1510 1728 1607 1762 Atque
1632 1725 1697 1754 hinc
1722 1724 1783 1753 fac·

264 1797 324 1818 tum
347 1797 408 1824 est,
430 1796 462 1817 ut
484 1789 527 1816 vel
549 1796 579 1816 ca
602 1788 631 1815 in
651 1787 771 1815 dubium
793 1786 978 1820 vocaverint,
1001 1793 1072 1820 quae
1086 1784 1114 1812 in
1136 1783 1208 1811 diem
1231 1783 1404 1810 collocasset
1428 1777 1578 1814 improbus
1601 1776 1785 1814 llsalpichiij

265 1847 292 1869 et
311 1841 454 1873 Grecis-ii,
476 1846 502 1866 ct
525 1838 756 1866 Lccmrenlmckii
776 1838 874 1873 labor3
900 1844 930 1865 ut
952 1838 977 1865 in
1006 1842 1139 1872 perpetua
1162 1833 1358 1862 controversia
1382 1837 1491 1859 versata
1522 1827 1655 1856 manserit
1675 1826 1784 1859 fabrica

266 1892 445 1928 plantarium
469 1895 499 1917 ut
524 1896 564 1917 tot
592 1889 671 1917 lictae
699 1889 805 1917 fuerint
831 1888 988 1918 sententiae
1015 1888 1048 1915 de
1080 1886 1243 1922 organismo
1268 1883 1418 1919 vegetabili
1439 1902 1449 1916 ‚
1479 1888 1550 1916 quae
1575 1887 1633 1914 quo
1658 1876 1731 1906 intex
1751 1883 1783 1906 se

265 1941 439 1970 conveniant
466 1940 537 1968 nihil
559 1940 697 1975 habeant;
729 1947 759 1967 nt
784 1940 832 1968 vix
856 1940 930 1967 dnos
959 1939 1080 1974 reperias
1108 1943 1258 1969 auctores,
1292 1935 1341 1970 qui
1365 1935 1398 1961 de
1420 1933 1516 1961 eodem
1545 1931 1616 1959 idem
1640 1928 1783 1963 sentia-nu

266 1992 482 2021 oriumvirorum
510 1998 576 2021 vero
602 1990 721 2026 metita,
749 1998 780 2020 ut
803 1990 941 2027 plurimis*
963 1990 1046 2025 auis,
1068 1989 1105 2017 ita
1122 1995 1151 2017 et
1174 1987 1228 2016 hoc
1253 1991 1419 2023 argumento
1442 1983 1561 2012 maxime
1586 1981 1786 2014 illustrantur,

1752 2036 1784 2059 ut
