<?xml version="1.0" encoding="UTF-8"?>
<!DOCTYPE html PUBLIC "-//W3C//DTD XHTML 1.0 Transitional//EN"
    "http://www.w3.org/TR/xhtml1/DTD/xhtml1-transitional.dtd">
<html xmlns="http://www.w3.org/1999/xhtml" xml:lang="en" lang="en">
 <head>
  <title>
</title>
<meta http-equiv="Content-Type" content="text/html;charset=utf-8" />
  <meta name='ocr-system' content='tesseract 3.04.00' />
  <meta name='ocr-capabilities' content='ocr_page ocr_carea ocr_par ocr_line ocrx_word'/>
</head>
<body>
  <div class='ocr_page' id='page_1' title='image "annalesacademiae17rijk_0391.png"; bbox 0 0 1913 2427; ppageno 0'>
   <div class='ocr_carea' id='block_1_1' title="bbox 1 675 15 1408">
    <p class='ocr_par' dir='ltr' id='par_1_1' title="bbox 1 675 15 1408">
     <span class='ocr_line' id='line_1_1' title="bbox 1 675 15 1408; baseline 0 0"><span class='ocrx_word' id='word_1_1' title='bbox 1 675 15 1408; x_wconf 95' lang='lat' dir='ltr'> </span> 
     </span>
    </p>
   </div>
   <div class='ocr_carea' id='block_1_2' title="bbox 450 137 1680 190">
    <p class='ocr_par' dir='ltr' id='par_1_2' title="bbox 450 137 1680 190">
     <span class='ocr_line' id='line_1_2' title="bbox 450 137 1680 190; baseline 0.007 -22"><span class='ocrx_word' id='word_1_2' title='bbox 450 137 943 168; x_wconf 85' lang='lat' dir='ltr'><strong>DISSERTATIO·</strong></span> <span class='ocrx_word' id='word_1_3' title='bbox 997 138 1365 174; x_wconf 83' lang='lat' dir='ltr'><strong>BOTANICA.</strong></span> <span class='ocrx_word' id='word_1_4' title='bbox 1630 156 1680 190; x_wconf 62' lang='lat'>19„</span> 
     </span>
    </p>
   </div>
   <div class='ocr_carea' id='block_1_3' title="bbox 113 221 1668 1965">
    <p class='ocr_par' dir='ltr' id='par_1_3' title="bbox 113 221 1668 1965">
     <span class='ocr_line' id='line_1_3' title="bbox 147 221 1663 267; baseline 0.004 -11"><span class='ocrx_word' id='word_1_5' title='bbox 147 221 375 263; x_wconf 74' lang='lat' dir='ltr'>haberi&#39;n‘rgana</span> <span class='ocrx_word' id='word_1_6' title='bbox 408 224 505 259; x_wconf 78' lang='lat' dir='ltr'>varia,</span> <span class='ocrx_word' id='word_1_7' title='bbox 539 224 606 253; x_wconf 76' lang='lat' dir='ltr'>haec</span> <span class='ocrx_word' id='word_1_8' title='bbox 637 228 736 253; x_wconf 79' lang='lat' dir='ltr'>rursus</span> <span class='ocrx_word' id='word_1_9' title='bbox 771 228 869 252; x_wconf 84' lang='lat' dir='ltr'>secum</span> <span class='ocrx_word' id='word_1_10' title='bbox 902 224 1060 260; x_wconf 79' lang='lat' dir='ltr'>multiplici</span> <span class='ocrx_word' id='word_1_11' title='bbox 1091 225 1200 255; x_wconf 83' lang='lat' dir='ltr'>ratione</span> <span class='ocrx_word' id='word_1_12' title='bbox 1231 227 1391 264; x_wconf 80' lang='lat' dir='ltr'>conjungi,</span> <span class='ocrx_word' id='word_1_13' title='bbox 1430 236 1516 267; x_wconf 87' lang='lat' dir='ltr'>atque</span> <span class='ocrx_word' id='word_1_14' title='bbox 1545 233 1584 261; x_wconf 83' lang='lat' dir='ltr'>ita</span> <span class='ocrx_word' id='word_1_15' title='bbox 1614 233 1663 262; x_wconf 85' lang='lat' dir='ltr'>fic-</span> 
     </span>
     <span class='ocr_line' id='line_1_4' title="bbox 142 275 1668 317; baseline 0.005 -11"><span class='ocrx_word' id='word_1_16' title='bbox 142 276 186 314; x_wconf 77' lang='lat' dir='ltr'>r&#39;i,</span> <span class='ocrx_word' id='word_1_17' title='bbox 215 284 248 306; x_wconf 85' lang='lat' dir='ltr'>ut</span> <span class='ocrx_word' id='word_1_18' title='bbox 279 286 313 307; x_wconf 86' lang='lat' dir='ltr'>ex</span> <span class='ocrx_word' id='word_1_19' title='bbox 338 277 443 306; x_wconf 78' lang='lat' dir='ltr'>iisdem</span> <span class='ocrx_word' id='word_1_20' title='bbox 473 276 593 305; x_wconf 84' lang='lat' dir='ltr'>basibus</span> <span class='ocrx_word' id='word_1_21' title='bbox 627 277 704 304; x_wconf 85' lang='lat' dir='ltr'>varie</span> <span class='ocrx_word' id='word_1_22' title='bbox 735 275 894 304; x_wconf 87' lang='lat' dir='ltr'>commistis</span> <span class='ocrx_word' id='word_1_23' title='bbox 922 275 1033 305; x_wconf 86' lang='lat' dir='ltr'>diversa</span> <span class='ocrx_word' id='word_1_24' title='bbox 1065 283 1210 306; x_wconf 85' lang='lat' dir='ltr'>structura</span> <span class='ocrx_word' id='word_1_25' title='bbox 1244 285 1271 307; x_wconf 89' lang='lat' dir='ltr'>et</span> <span class='ocrx_word' id='word_1_26' title='bbox 1306 278 1399 308; x_wconf 74' lang='lat' dir='ltr'>forma</span> <span class='ocrx_word' id='word_1_27' title='bbox 1428 283 1668 317; x_wconf 46' lang='lat' dir='ltr'>proficiscantur-s</span> 
     </span>
     <span class='ocr_line' id='line_1_5' title="bbox 144 327 1662 368; baseline 0.003 -8"><span class='ocrx_word' id='word_1_28' title='bbox 144 329 231 360; x_wconf 84' lang='lat' dir='ltr'>Haud</span> <span class='ocrx_word' id='word_1_29' title='bbox 261 329 452 366; x_wconf 81' lang='lat' dir='ltr'>incongruum</span> <span class='ocrx_word' id='word_1_30' title='bbox 470 329 600 364; x_wconf 76' lang='lat' dir='ltr'>videtur</span> <span class='ocrx_word' id='word_1_31' title='bbox 627 328 700 356; x_wconf 86' lang='lat' dir='ltr'>hanc</span> <span class='ocrx_word' id='word_1_32' title='bbox 727 336 782 355; x_wconf 86' lang='lat' dir='ltr'>rem</span> <span class='ocrx_word' id='word_1_33' title='bbox 804 327 949 356; x_wconf 79' lang='lat' dir='ltr'>illustrare</span> <span class='ocrx_word' id='word_1_34' title='bbox 970 328 1099 363; x_wconf 79' lang='lat' dir='ltr'>exemplo</span> <span class='ocrx_word' id='word_1_35' title='bbox 1121 337 1154 358; x_wconf 88' lang='lat' dir='ltr'>ex</span> <span class='ocrx_word' id='word_1_36' title='bbox 1174 329 1302 359; x_wconf 84' lang='lat' dir='ltr'>chemica</span> <span class='ocrx_word' id='word_1_37' title='bbox 1325 340 1481 368; x_wconf 75' lang='lat' dir='ltr'>corporum</span> <span class='ocrx_word' id='word_1_38' title='bbox 1504 334 1601 364; x_wconf 87' lang='lat' dir='ltr'>indole</span> <span class='ocrx_word' id='word_1_39' title='bbox 1615 337 1662 366; x_wconf 85' lang='lat' dir='ltr'>de-</span> 
     </span>
     <span class='ocr_line' id='line_1_6' title="bbox 140 379 1660 425; baseline 0.004 -14"><span class='ocrx_word' id='word_1_40' title='bbox 140 382 264 412; x_wconf 77' lang='lat' dir='ltr'>suintu-</span> <span class='ocrx_word' id='word_1_41' title='bbox 298 381 456 410; x_wconf 74' lang='lat' dir='ltr'>neminem</span> <span class='ocrx_word' id='word_1_42' title='bbox 466 379 562 416; x_wconf 79' lang='lat' dir='ltr'>fugit,</span> <span class='ocrx_word' id='word_1_43' title='bbox 594 386 667 416; x_wconf 92' lang='lat' dir='ltr'>quot</span> <span class='ocrx_word' id='word_1_44' title='bbox 690 379 841 414; x_wconf 76' lang='lat' dir='ltr'>materias,</span> <span class='ocrx_word' id='word_1_45' title='bbox 869 379 1014 416; x_wconf 84' lang='lat' dir='ltr'>principia</span> <span class='ocrx_word' id='word_1_46' title='bbox 1042 381 1173 416; x_wconf 73' lang='lat' dir='ltr'>proxima</span> <span class='ocrx_word' id='word_1_47' title='bbox 1204 389 1325 420; x_wconf 86' lang='lat' dir='ltr'>vocant,</span> <span class='ocrx_word' id='word_1_48' title='bbox 1353 385 1501 420; x_wconf 77' lang='lat' dir='ltr'>proferant</span> <span class='ocrx_word' id='word_1_49' title='bbox 1527 388 1660 425; x_wconf 85' lang='lat' dir='ltr'>plantae,</span> 
     </span>
     <span class='ocr_line' id='line_1_7' title="bbox 138 430 1660 475; baseline 0.003 -11"><span class='ocrx_word' id='word_1_50' title='bbox 138 433 282 464; x_wconf 78' lang='lat' dir='ltr'><strong>materiam</strong></span> <span class='ocrx_word' id='word_1_51' title='bbox 302 433 433 468; x_wconf 80' lang='lat' dir='ltr'><strong>dulcem,</strong></span> <span class='ocrx_word' id='word_1_52' title='bbox 454 433 580 467; x_wconf 86' lang='lat' dir='ltr'>acidam,</span> <span class='ocrx_word' id='word_1_53' title='bbox 604 440 798 469; x_wconf 79' lang='lat' dir='ltr'>gummesam,</span> <span class='ocrx_word' id='word_1_54' title='bbox 820 430 997 466; x_wconf 55' lang='lat' dir='ltr'>reminsem,</span> <span class='ocrx_word' id='word_1_55' title='bbox 1015 439 1129 468; x_wconf 82' lang='lat' dir='ltr'>acrem,</span> <span class='ocrx_word' id='word_1_56' title='bbox 1151 441 1333 471; x_wconf 82' lang='lat' dir='ltr'>venenatam,</span> <span class='ocrx_word' id='word_1_57' title='bbox 1356 437 1453 472; x_wconf 87' lang='lat' dir='ltr'>plures</span> <span class='ocrx_word' id='word_1_58' title='bbox 1474 438 1562 475; x_wconf 86' lang='lat' dir='ltr'>alias,</span> <span class='ocrx_word' id='word_1_59' title='bbox 1584 439 1660 469; x_wconf 89' lang='lat' dir='ltr'>doti-</span> 
     </span>
     <span class='ocr_line' id='line_1_8' title="bbox 138 483 1660 527; baseline 0.003 -12"><span class='ocrx_word' id='word_1_60' title='bbox 138 486 194 515; x_wconf 84' lang='lat' dir='ltr'>btrs</span> <span class='ocrx_word' id='word_1_61' title='bbox 216 492 244 514; x_wconf 91' lang='lat' dir='ltr'>et</span> <span class='ocrx_word' id='word_1_62' title='bbox 264 484 453 513; x_wconf 79' lang='lat' dir='ltr'>facultatibus</span> <span class='ocrx_word' id='word_1_63' title='bbox 474 484 596 512; x_wconf 82' lang='lat' dir='ltr'>mirifice</span> <span class='ocrx_word' id='word_1_64' title='bbox 611 493 626 512; x_wconf 89' lang='lat' dir='ltr'>a</span> <span class='ocrx_word' id='word_1_65' title='bbox 643 491 673 512; x_wconf 84' lang='lat' dir='ltr'>se</span> <span class='ocrx_word' id='word_1_66' title='bbox 690 483 813 511; x_wconf 81' lang='lat' dir='ltr'>invicem</span> <span class='ocrx_word' id='word_1_67' title='bbox 835 483 1050 519; x_wconf 73' lang='lat' dir='ltr'>discrepantes3</span> <span class='ocrx_word' id='word_1_68' title='bbox 1073 484 1172 512; x_wconf 88' lang='lat' dir='ltr'>harum</span> <span class='ocrx_word' id='word_1_69' title='bbox 1200 491 1292 514; x_wconf 84' lang='lat' dir='ltr'>tamen</span> <span class='ocrx_word' id='word_1_70' title='bbox 1316 487 1430 516; x_wconf 86' lang='lat' dir='ltr'>ultimas</span> <span class='ocrx_word' id='word_1_71' title='bbox 1457 489 1558 526; x_wconf 85' lang='lat' dir='ltr'>bases,</span> <span class='ocrx_word' id='word_1_72' title='bbox 1580 491 1660 527; x_wconf 85' lang='lat' dir='ltr'>prin·</span> 
     </span>
     <span class='ocr_line' id='line_1_9' title="bbox 135 532 1662 579; baseline 0.003 -13"><span class='ocrx_word' id='word_1_73' title='bbox 135 536 212 574; x_wconf 88' lang='lat' dir='ltr'>cipia</span> <span class='ocrx_word' id='word_1_74' title='bbox 233 542 340 566; x_wconf 85' lang='lat' dir='ltr'>remota</span> <span class='ocrx_word' id='word_1_75' title='bbox 362 536 502 571; x_wconf 88' lang='lat' dir='ltr'>audiunt,</span> <span class='ocrx_word' id='word_1_76' title='bbox 528 535 552 564; x_wconf 88' lang='lat' dir='ltr'>si</span> <span class='ocrx_word' id='word_1_77' title='bbox 568 535 777 571; x_wconf 60' lang='lat' dir='ltr'>inquisixeris‚</span> <span class='ocrx_word' id='word_1_78' title='bbox 799 535 829 564; x_wconf 91' lang='lat' dir='ltr'>in</span> <span class='ocrx_word' id='word_1_79' title='bbox 848 535 973 571; x_wconf 82' lang='lat' dir='ltr'>singulis</span> <span class='ocrx_word' id='word_1_80' title='bbox 990 535 1130 570; x_wconf 85' lang='lat' dir='ltr'>triplicem</span> <span class='ocrx_word' id='word_1_81' title='bbox 1146 536 1291 572; x_wconf 82' lang='lat' dir='ltr'>invenies,</span> <span class='ocrx_word' id='word_1_82' title='bbox 1312 538 1447 567; x_wconf 86' lang='lat' dir='ltr'>nimirum</span> <span class='ocrx_word' id='word_1_83' title='bbox 1468 541 1638 571; x_wconf 85' lang='lat' dir='ltr'>carbonium</span> <span class='ocrx_word' id='word_1_84' title='bbox 1648 532 1662 579; x_wconf 25' lang='lat'>,¹</span> 
     </span>
     <span class='ocr_line' id='line_1_10' title="bbox 139 585 1664 629; baseline 0.005 -14"><span class='ocrx_word' id='word_1_85' title='bbox 139 587 372 625; x_wconf 75' lang='lat' dir='ltr'>hydrogenium,</span> <span class='ocrx_word' id='word_1_86' title='bbox 393 586 589 624; x_wconf 57' lang='lat' dir='ltr'>oxygeuiunu</span> <span class='ocrx_word' id='word_1_87' title='bbox 612 595 696 616; x_wconf 86' lang='lat' dir='ltr'>nemo</span> <span class='ocrx_word' id='word_1_88' title='bbox 719 586 831 621; x_wconf 77' lang='lat' dir='ltr'>nescit,</span> <span class='ocrx_word' id='word_1_89' title='bbox 853 591 1031 622; x_wconf 77' lang='lat' dir='ltr'>quantopere</span> <span class='ocrx_word' id='word_1_90' title='bbox 1047 585 1160 623; x_wconf 88' lang='lat' dir='ltr'>Byssus</span> <span class='ocrx_word' id='word_1_91' title='bbox 1185 596 1200 616; x_wconf 88' lang='lat' dir='ltr'>a</span> <span class='ocrx_word' id='word_1_92' title='bbox 1222 588 1321 617; x_wconf 65' lang='lat' dir='ltr'>Palma</span> <span class='ocrx_word' id='word_1_93' title='bbox 1333 590 1495 627; x_wconf 81' lang='lat' dir='ltr'>discrepet,</span> <span class='ocrx_word' id='word_1_94' title='bbox 1515 601 1530 621; x_wconf 89' lang='lat' dir='ltr'>a</span> <span class='ocrx_word' id='word_1_95' title='bbox 1552 602 1664 629; x_wconf 73' lang='lat' dir='ltr'>quercu</span> 
     </span>
     <span class='ocr_line' id='line_1_11' title="bbox 134 637 1661 682; baseline 0.002 -13"><span class='ocrx_word' id='word_1_96' title='bbox 134 647 273 676; x_wconf 74' lang='lat' dir='ltr'>muscus;</span> <span class='ocrx_word' id='word_1_97' title='bbox 296 645 514 676; x_wconf 82' lang='lat' dir='ltr'>componuntur</span> <span class='ocrx_word' id='word_1_98' title='bbox 534 644 628 667; x_wconf 87' lang='lat' dir='ltr'>tamen</span> <span class='ocrx_word' id='word_1_99' title='bbox 650 637 758 675; x_wconf 79' lang='lat' dir='ltr'>singuli</span> <span class='ocrx_word' id='word_1_100' title='bbox 781 646 816 666; x_wconf 82' lang='lat' dir='ltr'>ex</span> <span class='ocrx_word' id='word_1_101' title='bbox 841 637 942 671; x_wconf 69' lang='lat' dir='ltr'>iisdem</span> <span class='ocrx_word' id='word_1_102' title='bbox 968 637 1140 674; x_wconf 80' lang='lat' dir='ltr'>principiis,</span> <span class='ocrx_word' id='word_1_103' title='bbox 1170 638 1368 677; x_wconf 77' lang='lat' dir='ltr'>hydrogenio,</span> <span class='ocrx_word' id='word_1_104' title='bbox 1397 642 1556 679; x_wconf 85' lang='lat' dir='ltr'>carbonio,</span> <span class='ocrx_word' id='word_1_105' title='bbox 1588 644 1661 682; x_wconf 68' lang='lat' dir='ltr'>oxy-J</span> 
     </span>
     <span class='ocr_line' id='line_1_12' title="bbox 135 689 1662 731; baseline 0.003 -10"><span class='ocrx_word' id='word_1_106' title='bbox 135 692 239 730; x_wconf 88' lang='lat' dir='ltr'>genio·</span> <span class='ocrx_word' id='word_1_107' title='bbox 262 700 295 720; x_wconf 86' lang='lat' dir='ltr'>ex</span> <span class='ocrx_word' id='word_1_108' title='bbox 313 691 440 727; x_wconf 83' lang='lat' dir='ltr'>quibus,</span> <span class='ocrx_word' id='word_1_109' title='bbox 456 689 552 718; x_wconf 82' lang='lat' dir='ltr'>addito</span> <span class='ocrx_word' id='word_1_110' title='bbox 569 696 675 725; x_wconf 78' lang='lat' dir='ltr'>azoto,</span> <span class='ocrx_word' id='word_1_111' title='bbox 693 695 808 718; x_wconf 87' lang='lat' dir='ltr'>constat</span> <span class='ocrx_word' id='word_1_112' title='bbox 824 697 908 718; x_wconf 75' lang='lat' dir='ltr'>omne</span> <span class='ocrx_word' id='word_1_113' title='bbox 927 697 1044 726; x_wconf 85' lang='lat' dir='ltr'>legnum</span> <span class='ocrx_word' id='word_1_114' title='bbox 1064 689 1200 727; x_wconf 81' lang='lat' dir='ltr'>animale3</span> <span class='ocrx_word' id='word_1_115' title='bbox 1225 697 1253 720; x_wconf 82' lang='lat' dir='ltr'>et</span> <span class='ocrx_word' id='word_1_116' title='bbox 1269 699 1408 727; x_wconf 89' lang='lat' dir='ltr'>quantum</span> <span class='ocrx_word' id='word_1_117' title='bbox 1434 694 1542 723; x_wconf 83' lang='lat' dir='ltr'>distent</span> <span class='ocrx_word' id='word_1_118' title='bbox 1563 696 1662 731; x_wconf 85' lang='lat' dir='ltr'>pisces</span> 
     </span>
     <span class='ocr_line' id='line_1_13' title="bbox 131 740 1659 780; baseline 0.002 -7"><span class='ocrx_word' id='word_1_119' title='bbox 131 745 149 773; x_wconf 70' lang='lat' dir='ltr'>a*</span> <span class='ocrx_word' id='word_1_120' title='bbox 177 743 396 777; x_wconf 72' lang='lat' dir='ltr'>inanimalibus,</span> <span class='ocrx_word' id='word_1_121' title='bbox 425 750 440 770; x_wconf 86' lang='lat' dir='ltr'>a</span> <span class='ocrx_word' id='word_1_122' title='bbox 464 741 634 770; x_wconf 77' lang='lat' dir='ltr'>volucribus</span> <span class='ocrx_word' id='word_1_123' title='bbox 659 741 793 777; x_wconf 81' lang='lat' dir='ltr'>reptilia,</span> <span class='ocrx_word' id='word_1_124' title='bbox 823 747 937 770; x_wconf 85' lang='lat' dir='ltr'>constat</span> <span class='ocrx_word' id='word_1_125' title='bbox 964 740 1037 769; x_wconf 79' lang='lat' dir='ltr'>inter</span> <span class='ocrx_word' id='word_1_126' title='bbox 1062 749 1174 771; x_wconf 81' lang='lat' dir='ltr'>omncs.</span> <span class='ocrx_word' id='word_1_127' title='bbox 1224 742 1285 780; x_wconf 80' lang='lat' dir='ltr'>Qui</span> <span class='ocrx_word' id='word_1_128' title='bbox 1308 743 1337 773; x_wconf 85' lang='lat' dir='ltr'>id</span> <span class='ocrx_word' id='word_1_129' title='bbox 1361 743 1416 772; x_wconf 71' lang='lat' dir='ltr'>fit?</span> <span class='ocrx_word' id='word_1_130' title='bbox 1445 745 1560 774; x_wconf 89' lang='lat' dir='ltr'>Docent</span> <span class='ocrx_word' id='word_1_131' title='bbox 1582 747 1659 776; x_wconf 83' lang='lat' dir='ltr'>Che-</span> 
     </span>
     <span class='ocr_line' id='line_1_14' title="bbox 133 792 1660 834; baseline 0.003 -10"><span class='ocrx_word' id='word_1_132' title='bbox 133 795 223 830; x_wconf 67' lang='lat' dir='ltr'>mici,</span> <span class='ocrx_word' id='word_1_133' title='bbox 252 794 374 831; x_wconf 77' lang='lat' dir='ltr'>quaevis</span> <span class='ocrx_word' id='word_1_134' title='bbox 396 792 766 829; x_wconf 67' lang='lat' dir='ltr'>principiavegetabilium</span> <span class='ocrx_word' id='word_1_135' title='bbox 795 792 1021 828; x_wconf 83' lang='lat' dir='ltr'>animaliumque</span> <span class='ocrx_word' id='word_1_136' title='bbox 1045 792 1177 828; x_wconf 86' lang='lat' dir='ltr'>proxima</span> <span class='ocrx_word' id='word_1_137' title='bbox 1203 794 1310 824; x_wconf 85' lang='lat' dir='ltr'>resolvi</span> <span class='ocrx_word' id='word_1_138' title='bbox 1337 795 1367 824; x_wconf 85' lang='lat' dir='ltr'>in</span> <span class='ocrx_word' id='word_1_139' title='bbox 1395 804 1563 829; x_wconf 73' lang='lat' dir='ltr'>memoratas</span> <span class='ocrx_word' id='word_1_140' title='bbox 1589 807 1660 834; x_wconf 57' lang='lat' dir='ltr'>quas,</span> 
     </span>
     <span class='ocr_line' id='line_1_15' title="bbox 131 843 1656 885; baseline 0.002 -10"><span class='ocrx_word' id='word_1_141' title='bbox 131 853 202 875; x_wconf 72' lang='lat' dir='ltr'>tuor</span> <span class='ocrx_word' id='word_1_142' title='bbox 224 845 328 881; x_wconf 77' lang='lat' dir='ltr'>bases,</span> <span class='ocrx_word' id='word_1_143' title='bbox 349 851 377 874; x_wconf 81' lang='lat' dir='ltr'>at</span> <span class='ocrx_word' id='word_1_144' title='bbox 401 845 501 873; x_wconf 87' lang='lat' dir='ltr'>harum</span> <span class='ocrx_word' id='word_1_145' title='bbox 524 844 635 873; x_wconf 76' lang='lat' dir='ltr'>basium</span> <span class='ocrx_word' id='word_1_146' title='bbox 660 844 690 873; x_wconf 91' lang='lat' dir='ltr'>in</span> <span class='ocrx_word' id='word_1_147' title='bbox 711 844 834 881; x_wconf 81' lang='lat' dir='ltr'>singulis</span> <span class='ocrx_word' id='word_1_148' title='bbox 859 845 953 874; x_wconf 84' lang='lat' dir='ltr'>inesse</span> <span class='ocrx_word' id='word_1_149' title='bbox 983 843 1123 873; x_wconf 87' lang='lat' dir='ltr'>diversam</span> <span class='ocrx_word' id='word_1_150' title='bbox 1156 846 1395 882; x_wconf 79' lang='lat' dir='ltr'>proportionem,</span> <span class='ocrx_word' id='word_1_151' title='bbox 1425 848 1564 885; x_wconf 88' lang='lat' dir='ltr'>varioque</span> <span class='ocrx_word' id='word_1_152' title='bbox 1589 858 1656 885; x_wconf 85' lang='lat' dir='ltr'>pro·</span> 
     </span>
     <span class='ocr_line' id='line_1_16' title="bbox 133 895 1655 936; baseline 0.003 -10"><span class='ocrx_word' id='word_1_153' title='bbox 133 895 194 926; x_wconf 57' lang='lat' dir='ltr'>{ato</span> <span class='ocrx_word' id='word_1_154' title='bbox 211 896 431 933; x_wconf 39' lang='lat' dir='ltr'>‘principiorum</span> <span class='ocrx_word' id='word_1_155' title='bbox 448 896 653 932; x_wconf 15' lang='lat' dir='ltr'>,proximorum</span> <span class='ocrx_word' id='word_1_156' title='bbox 674 904 824 924; x_wconf 64' lang='lat' dir='ltr'>&gt;concursu</span> <span class='ocrx_word' id='word_1_157' title='bbox 839 895 982 924; x_wconf 85' lang='lat' dir='ltr'>efformari</span> <span class='ocrx_word' id='word_1_158' title='bbox 1004 896 1051 924; x_wconf 87' lang='lat' dir='ltr'>vel</span> <span class='ocrx_word' id='word_1_159' title='bbox 1073 896 1293 933; x_wconf 86' lang='lat' dir='ltr'>epidermidem,</span> <span class='ocrx_word' id='word_1_160' title='bbox 1313 899 1359 927; x_wconf 87' lang='lat' dir='ltr'>vel</span> <span class='ocrx_word' id='word_1_161' title='bbox 1381 899 1480 935; x_wconf 88' lang='lat' dir='ltr'>pilos,</span> <span class='ocrx_word' id='word_1_162' title='bbox 1501 900 1546 928; x_wconf 79' lang='lat' dir='ltr'>vel</span> <span class='ocrx_word' id='word_1_163' title='bbox 1567 909 1655 936; x_wconf 82' lang='lat' dir='ltr'>vasa,</span> 
     </span>
     <span class='ocr_line' id='line_1_17' title="bbox 130 947 1653 988; baseline 0.003 -11"><span class='ocrx_word' id='word_1_164' title='bbox 130 950 206 985; x_wconf 76' lang='lat' dir='ltr'>qnae</span> <span class='ocrx_word' id='word_1_165' title='bbox 228 949 297 977; x_wconf 81' lang='lat' dir='ltr'>&#39;dum</span> <span class='ocrx_word' id='word_1_166' title='bbox 322 953 422 977; x_wconf 79' lang='lat' dir='ltr'>rursus</span> <span class='ocrx_word' id='word_1_167' title='bbox 449 947 527 976; x_wconf 83' lang='lat' dir='ltr'>varie</span> <span class='ocrx_word' id='word_1_168' title='bbox 551 954 748 982; x_wconf 88' lang='lat' dir='ltr'>concurrunt,</span> <span class='ocrx_word' id='word_1_169' title='bbox 776 955 938 976; x_wconf 86' lang='lat' dir='ltr'>excrescere</span> <span class='ocrx_word' id='word_1_170' title='bbox 959 947 990 977; x_wconf 90' lang='lat' dir='ltr'>in</span> <span class='ocrx_word' id='word_1_171' title='bbox 1013 948 1171 983; x_wconf 81' lang='lat' dir='ltr'>corollam,</span> <span class='ocrx_word' id='word_1_172' title='bbox 1193 948 1337 984; x_wconf 84' lang='lat' dir='ltr'>radicem,</span> <span class='ocrx_word' id='word_1_173' title='bbox 1364 956 1521 987; x_wconf 80' lang='lat' dir='ltr'>truncum,</span> <span class='ocrx_word' id='word_1_174' title='bbox 1544 952 1653 988; x_wconf 84' lang='lat' dir='ltr'>quibus</span> 
     </span>
     <span class='ocr_line' id='line_1_18' title="bbox 128 998 1498 1036; baseline 0.003 -9"><span class='ocrx_word' id='word_1_175' title='bbox 128 999 208 1031; x_wconf 75' lang='lat' dir='ltr'>varie</span> <span class='ocrx_word' id='word_1_176' title='bbox 230 999 398 1036; x_wconf 79' lang='lat' dir='ltr'>conjunctis</span> <span class='ocrx_word' id='word_1_177' title='bbox 421 998 520 1027; x_wconf 81' lang='lat' dir='ltr'>haberi</span> <span class='ocrx_word' id='word_1_178' title='bbox 538 998 661 1036; x_wconf 79' lang='lat' dir='ltr'>integras</span> <span class='ocrx_word' id='word_1_179' title='bbox 686 1006 713 1027; x_wconf 89' lang='lat' dir='ltr'>et</span> <span class='ocrx_word' id='word_1_180' title='bbox 738 999 865 1028; x_wconf 83' lang='lat' dir='ltr'>diversas</span> <span class='ocrx_word' id='word_1_181' title='bbox 888 999 1019 1035; x_wconf 75' lang='lat' dir='ltr'>plantas,</span> <span class='ocrx_word' id='word_1_182' title='bbox 1041 998 1150 1036; x_wconf 85' lang='lat' dir='ltr'>integra</span> <span class='ocrx_word' id='word_1_183' title='bbox 1174 1006 1201 1027; x_wconf 89' lang='lat' dir='ltr'>et</span> <span class='ocrx_word' id='word_1_184' title='bbox 1221 1000 1333 1030; x_wconf 86' lang='lat' dir='ltr'>diversa</span> <span class='ocrx_word' id='word_1_185' title='bbox 1355 1001 1498 1031; x_wconf 83' lang='lat' dir='ltr'>animalia.</span> 
     </span>
     <span class='ocr_line' id='line_1_19' title="bbox 166 1049 1653 1091; baseline 0.003 -12"><span class='ocrx_word' id='word_1_186' title='bbox 166 1050 308 1080; x_wconf 83' lang='lat' dir='ltr'>Praeterea</span> <span class='ocrx_word' id='word_1_187' title='bbox 327 1056 373 1079; x_wconf 83' lang='lat' dir='ltr'>est</span> <span class='ocrx_word' id='word_1_188' title='bbox 394 1050 498 1079; x_wconf 88' lang='lat' dir='ltr'>inutile</span> <span class='ocrx_word' id='word_1_189' title='bbox 525 1050 608 1078; x_wconf 81' lang='lat' dir='ltr'>anxie</span> <span class='ocrx_word' id='word_1_190' title='bbox 633 1050 665 1079; x_wconf 86' lang='lat' dir='ltr'>in</span> <span class='ocrx_word' id='word_1_191' title='bbox 689 1050 806 1079; x_wconf 78' lang='lat' dir='ltr'>ultimas</span> <span class='ocrx_word' id='word_1_192' title='bbox 830 1050 943 1079; x_wconf 82' lang='lat' dir='ltr'>basium</span> <span class='ocrx_word' id='word_1_193' title='bbox 966 1049 1087 1079; x_wconf 83' lang='lat' dir='ltr'>fabricas</span> <span class='ocrx_word' id='word_1_194' title='bbox 1111 1050 1274 1087; x_wconf 80' lang='lat' dir='ltr'>inqui1·ere;</span> <span class='ocrx_word' id='word_1_195' title='bbox 1302 1052 1370 1081; x_wconf 86' lang='lat' dir='ltr'>hinc</span> <span class='ocrx_word' id='word_1_196' title='bbox 1389 1053 1465 1082; x_wconf 88' lang='lat' dir='ltr'>enim</span> <span class='ocrx_word' id='word_1_197' title='bbox 1489 1053 1541 1088; x_wconf 87' lang='lat' dir='ltr'>fit,</span> <span class='ocrx_word' id='word_1_198' title='bbox 1569 1055 1653 1091; x_wconf 64' lang='lat' dir='ltr'>quod,</span> 
     </span>
     <span class='ocr_line' id='line_1_20' title="bbox 127 1101 1651 1141; baseline 0.003 -10"><span class='ocrx_word' id='word_1_199' title='bbox 127 1102 236 1132; x_wconf 70' lang='lat' dir='ltr'>factum</span> <span class='ocrx_word' id='word_1_200' title='bbox 258 1107 305 1131; x_wconf 81' lang='lat' dir='ltr'>est</span> <span class='ocrx_word' id='word_1_201' title='bbox 327 1102 505 1137; x_wconf 82' lang='lat' dir='ltr'>aliquando,</span> <span class='ocrx_word' id='word_1_202' title='bbox 527 1107 560 1130; x_wconf 89' lang='lat' dir='ltr'>ut</span> <span class='ocrx_word' id='word_1_203' title='bbox 581 1101 706 1131; x_wconf 81' lang='lat' dir='ltr'>irritum.</span> <span class='ocrx_word' id='word_1_204' title='bbox 721 1102 919 1131; x_wconf 82' lang='lat' dir='ltr'>committatur</span> <span class='ocrx_word' id='word_1_205' title='bbox 942 1101 1085 1138; x_wconf 82' lang='lat' dir='ltr'>proelium</span> <span class='ocrx_word' id='word_1_206' title='bbox 1107 1102 1142 1130; x_wconf 89' lang='lat' dir='ltr'>de</span> <span class='ocrx_word' id='word_1_207' title='bbox 1168 1101 1239 1131; x_wconf 85' lang='lat' dir='ltr'>fibra</span> <span class='ocrx_word' id='word_1_208' title='bbox 1262 1102 1412 1140; x_wconf 83' lang='lat' dir='ltr'>simplice,</span> <span class='ocrx_word' id='word_1_209' title='bbox 1441 1113 1515 1141; x_wconf 85' lang='lat' dir='ltr'>quae</span> <span class='ocrx_word' id='word_1_210' title='bbox 1539 1106 1651 1138; x_wconf 86' lang='lat' dir='ltr'>Anato-</span> 
     </span>
     <span class='ocr_line' id='line_1_21' title="bbox 127 1148 1650 1194; baseline 0.003 -10"><span class='ocrx_word' id='word_1_211' title='bbox 127 1154 219 1184; x_wconf 77' lang='lat' dir='ltr'>micos</span> <span class='ocrx_word' id='word_1_212' title='bbox 242 1153 320 1183; x_wconf 64' lang='lat' dir='ltr'>haud</span> <span class='ocrx_word' id='word_1_213' title='bbox 342 1153 436 1182; x_wconf 86' lang='lat' dir='ltr'>minus</span> <span class='ocrx_word' id='word_1_214' title='bbox 458 1152 611 1190; x_wconf 84' lang='lat' dir='ltr'>fatigavit,</span> <span class='ocrx_word' id='word_1_215' title='bbox 641 1162 725 1189; x_wconf 87' lang='lat' dir='ltr'>quam</span> <span class='ocrx_word' id='word_1_216' title='bbox 751 1154 824 1183; x_wconf 87' lang='lat' dir='ltr'>linea</span> <span class='ocrx_word' id='word_1_217' title='bbox 846 1152 1089 1188; x_wconf 83' lang='lat' dir='ltr'>Mathematicos,</span> <span class='ocrx_word' id='word_1_218' title='bbox 1118 1159 1168 1181; x_wconf 90' lang='lat' dir='ltr'>aut</span> <span class='ocrx_word' id='word_1_219' title='bbox 1191 1153 1394 1190; x_wconf 88' lang='lat' dir='ltr'>Alchymistos</span> <span class='ocrx_word' id='word_1_220' title='bbox 1421 1156 1496 1192; x_wconf 79' lang='lat' dir='ltr'>lapis</span> <span class='ocrx_word' id='word_1_221' title='bbox 1519 1148 1650 1194; x_wconf 48' lang='lat' dir='ltr'>sophiae-¹</span> 
     </span>
     <span class='ocr_line' id='line_1_22' title="bbox 125 1204 1649 1246; baseline -0.001 -12"><span class='ocrx_word' id='word_1_222' title='bbox 125 1205 172 1235; x_wconf 77' lang='lat' dir='ltr'>Ut</span> <span class='ocrx_word' id='word_1_223' title='bbox 192 1205 267 1234; x_wconf 86' lang='lat' dir='ltr'>enim</span> <span class='ocrx_word' id='word_1_224' title='bbox 284 1205 444 1235; x_wconf 81' lang='lat' dir='ltr'>Chemicus</span> <span class='ocrx_word' id='word_1_225' title='bbox 460 1204 568 1233; x_wconf 86' lang='lat' dir='ltr'>dicitur</span> <span class='ocrx_word' id='word_1_226' title='bbox 585 1205 761 1242; x_wconf 83' lang='lat' dir='ltr'>intelligere,</span> <span class='ocrx_word' id='word_1_227' title='bbox 782 1204 852 1240; x_wconf 86' lang='lat' dir='ltr'>quid</span> <span class='ocrx_word' id='word_1_228' title='bbox 868 1213 943 1241; x_wconf 85' lang='lat' dir='ltr'>aqua</span> <span class='ocrx_word' id='word_1_229' title='bbox 964 1205 1022 1240; x_wconf 87' lang='lat' dir='ltr'>sit,</span> <span class='ocrx_word' id='word_1_230' title='bbox 1044 1204 1069 1232; x_wconf 88' lang='lat' dir='ltr'>si</span> <span class='ocrx_word' id='word_1_231' title='bbox 1091 1204 1166 1232; x_wconf 87' lang='lat' dir='ltr'>haud</span> <span class='ocrx_word' id='word_1_232' title='bbox 1180 1205 1311 1241; x_wconf 87' lang='lat' dir='ltr'>ignoret,</span> <span class='ocrx_word' id='word_1_233' title='bbox 1332 1206 1406 1235; x_wconf 86' lang='lat' dir='ltr'>hanc</span> <span class='ocrx_word' id='word_1_234' title='bbox 1432 1209 1570 1244; x_wconf 80' lang='lat' dir='ltr'>componi</span> <span class='ocrx_word' id='word_1_235' title='bbox 1595 1210 1649 1246; x_wconf 87' lang='lat' dir='ltr'>hy.</span> 
     </span>
     <span class='ocr_line' id='line_1_23' title="bbox 123 1255 1648 1295; baseline 0.001 -8"><span class='ocrx_word' id='word_1_236' title='bbox 123 1258 261 1295; x_wconf 82' lang='lat' dir='ltr'>drogenio</span> <span class='ocrx_word' id='word_1_237' title='bbox 288 1262 317 1286; x_wconf 89' lang='lat' dir='ltr'>et</span> <span class='ocrx_word' id='word_1_238' title='bbox 341 1256 505 1294; x_wconf 77' lang='lat' dir='ltr'>oxygenio,</span> <span class='ocrx_word' id='word_1_239' title='bbox 530 1256 640 1286; x_wconf 83' lang='lat' dir='ltr'>nesciat</span> <span class='ocrx_word' id='word_1_240' title='bbox 660 1262 774 1292; x_wconf 86' lang='lat' dir='ltr'>tamen,</span> <span class='ocrx_word' id='word_1_241' title='bbox 797 1256 894 1285; x_wconf 80' lang='lat' dir='ltr'>sintne</span> <span class='ocrx_word' id='word_1_242' title='bbox 917 1255 1126 1292; x_wconf 83' lang='lat' dir='ltr'>hydrogenium</span> <span class='ocrx_word' id='word_1_243' title='bbox 1156 1262 1183 1284; x_wconf 88' lang='lat' dir='ltr'>et</span> <span class='ocrx_word' id='word_1_244' title='bbox 1215 1256 1385 1293; x_wconf 86' lang='lat' dir='ltr'>oxygenium</span> <span class='ocrx_word' id='word_1_245' title='bbox 1422 1259 1567 1295; x_wconf 79' lang='lat' dir='ltr'>slmplicia</span> <span class='ocrx_word' id='word_1_246' title='bbox 1593 1269 1648 1291; x_wconf 88' lang='lat' dir='ltr'>nec</span> 
     </span>
     <span class='ocr_line' id='line_1_24' title="bbox 125 1307 1647 1350; baseline 0.002 -12"><span class='ocrx_word' id='word_1_247' title='bbox 125 1312 178 1346; x_wconf 77' lang='lat' dir='ltr'>ne3</span> <span class='ocrx_word' id='word_1_248' title='bbox 204 1309 245 1338; x_wconf 89' lang='lat' dir='ltr'>ita</span> <span class='ocrx_word' id='word_1_249' title='bbox 269 1308 427 1338; x_wconf 72' lang='lat' dir='ltr'>Botanicus</span> <span class='ocrx_word' id='word_1_250' title='bbox 458 1307 581 1336; x_wconf 75' lang='lat' dir='ltr'>liabetur</span> <span class='ocrx_word' id='word_1_251' title='bbox 612 1307 787 1344; x_wconf 83' lang='lat' dir='ltr'>intelligere,</span> <span class='ocrx_word' id='word_1_252' title='bbox 816 1307 889 1344; x_wconf 91' lang='lat' dir='ltr'>quid</span> <span class='ocrx_word' id='word_1_253' title='bbox 914 1307 953 1336; x_wconf 85' lang='lat' dir='ltr'>sit</span> <span class='ocrx_word' id='word_1_254' title='bbox 983 1307 1064 1342; x_wconf 86' lang='lat' dir='ltr'>flos,</span> <span class='ocrx_word' id='word_1_255' title='bbox 1099 1307 1125 1335; x_wconf 87' lang='lat' dir='ltr'>si</span> <span class='ocrx_word' id='word_1_256' title='bbox 1158 1307 1235 1335; x_wconf 88' lang='lat' dir='ltr'>hunc</span> <span class='ocrx_word' id='word_1_257' title='bbox 1266 1308 1339 1337; x_wconf 84' lang='lat' dir='ltr'>sciat</span> <span class='ocrx_word' id='word_1_258' title='bbox 1366 1310 1502 1339; x_wconf 88' lang='lat' dir='ltr'>construi</span> <span class='ocrx_word' id='word_1_259' title='bbox 1538 1311 1647 1350; x_wconf 77' lang='lat' dir='ltr'>calice,</span> 
     </span>
     <span class='ocr_line' id='line_1_25' title="bbox 121 1351 1653 1399; baseline 0.002 -9"><span class='ocrx_word' id='word_1_260' title='bbox 121 1361 245 1399; x_wconf 84' lang='lat' dir='ltr'>petalis,</span> <span class='ocrx_word' id='word_1_261' title='bbox 274 1360 422 1396; x_wconf 81' lang='lat' dir='ltr'>nectario,</span> <span class='ocrx_word' id='word_1_262' title='bbox 453 1359 647 1394; x_wconf 81' lang='lat' dir='ltr'>staminibus,</span> <span class='ocrx_word' id='word_1_263' title='bbox 676 1358 808 1395; x_wconf 78' lang='lat' dir='ltr'>pistillo,</span> <span class='ocrx_word' id='word_1_264' title='bbox 837 1359 947 1395; x_wconf 84' lang='lat' dir='ltr'>hasque</span> <span class='ocrx_word' id='word_1_265' title='bbox 975 1358 1106 1395; x_wconf 80' lang='lat' dir='ltr'>singulas</span> <span class='ocrx_word' id='word_1_266' title='bbox 1133 1358 1213 1388; x_wconf 85' lang='lat' dir='ltr'>floris</span> <span class='ocrx_word' id='word_1_267' title='bbox 1234 1366 1329 1396; x_wconf 86' lang='lat' dir='ltr'>partes</span> <span class='ocrx_word' id='word_1_268' title='bbox 1359 1360 1554 1392; x_wconf 82' lang='lat' dir='ltr'>conformatas</span> <span class='ocrx_word' id='word_1_269' title='bbox 1585 1351 1653 1393; x_wconf 33' lang='lat' dir='ltr'>esse*</span> 
     </span>
     <span class='ocr_line' id='line_1_26' title="bbox 119 1409 1648 1447; baseline 0.001 -5"><span class='ocrx_word' id='word_1_270' title='bbox 119 1413 176 1442; x_wconf 78' lang='lat' dir='ltr'>tela</span> <span class='ocrx_word' id='word_1_271' title='bbox 195 1412 357 1447; x_wconf 82' lang='lat' dir='ltr'>cellulosa,</span> <span class='ocrx_word' id='word_1_272' title='bbox 380 1411 540 1441; x_wconf 71' lang='lat' dir='ltr'>intertextis</span> <span class='ocrx_word' id='word_1_273' title='bbox 558 1419 693 1440; x_wconf 83' lang='lat' dir='ltr'>vasorum</span> <span class='ocrx_word' id='word_1_274' title='bbox 719 1410 868 1447; x_wconf 82' lang='lat' dir='ltr'>spiralium</span> <span class='ocrx_word' id='word_1_275' title='bbox 892 1409 1073 1446; x_wconf 62' lang='lat' dir='ltr'>fasciculis»,</span> <span class='ocrx_word' id='word_1_276' title='bbox 1088 1410 1198 1439; x_wconf 79' lang='lat' dir='ltr'>nesciat</span> <span class='ocrx_word' id='word_1_277' title='bbox 1228 1419 1296 1439; x_wconf 87' lang='lat' dir='ltr'>vcro</span> <span class='ocrx_word' id='word_1_278' title='bbox 1323 1412 1453 1442; x_wconf 83' lang='lat' dir='ltr'>ultimam</span> <span class='ocrx_word' id='word_1_279' title='bbox 1479 1415 1648 1444; x_wconf 87' lang='lat' dir='ltr'>cellularum</span> 
     </span>
     <span class='ocr_line' id='line_1_27' title="bbox 120 1461 1646 1501; baseline 0 -8"><span class='ocrx_word' id='word_1_280' title='bbox 120 1470 149 1493; x_wconf 85' lang='lat' dir='ltr'>et</span> <span class='ocrx_word' id='word_1_281' title='bbox 171 1464 357 1493; x_wconf 88' lang='lat' dir='ltr'>vasculorum</span> <span class='ocrx_word' id='word_1_282' title='bbox 379 1462 526 1492; x_wconf 85' lang='lat' dir='ltr'>fabricam.</span> <span class='ocrx_word' id='word_1_283' title='bbox 567 1462 614 1491; x_wconf 87' lang='lat' dir='ltr'>Eo</span> <span class='ocrx_word' id='word_1_284' title='bbox 636 1461 701 1499; x_wconf 85' lang='lat' dir='ltr'>ipso</span> <span class='ocrx_word' id='word_1_285' title='bbox 722 1462 816 1498; x_wconf 78' lang='lat' dir='ltr'>enim,</span> <span class='ocrx_word' id='word_1_286' title='bbox 840 1462 922 1497; x_wconf 87' lang='lat' dir='ltr'>quod</span> <span class='ocrx_word' id='word_1_287' title='bbox 940 1461 1052 1490; x_wconf 88' lang='lat' dir='ltr'>dubitet</span> <span class='ocrx_word' id='word_1_288' title='bbox 1069 1461 1247 1497; x_wconf 79' lang='lat' dir='ltr'>Chemicus‚</span> <span class='ocrx_word' id='word_1_289' title='bbox 1270 1461 1367 1491; x_wconf 89' lang='lat' dir='ltr'>sintne</span> <span class='ocrx_word' id='word_1_290' title='bbox 1388 1463 1597 1501; x_wconf 87' lang='lat' dir='ltr'>hydrogenium</span> <span class='ocrx_word' id='word_1_291' title='bbox 1616 1472 1646 1494; x_wconf 88' lang='lat' dir='ltr'>et</span> 
     </span>
     <span class='ocr_line' id='line_1_28' title="bbox 115 1512 1644 1552; baseline 0.001 -8"><span class='ocrx_word' id='word_1_292' title='bbox 115 1514 295 1552; x_wconf 70' lang='lat' dir='ltr'>oxygetiium</span> <span class='ocrx_word' id='word_1_293' title='bbox 321 1513 486 1550; x_wconf 80' lang='lat' dir='ltr'>simplicia,</span> <span class='ocrx_word' id='word_1_294' title='bbox 509 1520 566 1542; x_wconf 82' lang='lat' dir='ltr'>nec</span> <span class='ocrx_word' id='word_1_295' title='bbox 588 1521 642 1548; x_wconf 75' lang='lat' dir='ltr'>ne,</span> <span class='ocrx_word' id='word_1_296' title='bbox 669 1520 814 1542; x_wconf 86' lang='lat' dir='ltr'>recenseat</span> <span class='ocrx_word' id='word_1_297' title='bbox 837 1519 930 1542; x_wconf 83' lang='lat' dir='ltr'>tamen</span> <span class='ocrx_word' id='word_1_298' title='bbox 958 1521 1047 1548; x_wconf 86' lang='lat' dir='ltr'>aquae</span> <span class='ocrx_word' id='word_1_299' title='bbox 1073 1512 1250 1547; x_wconf 83' lang='lat' dir='ltr'>facultates,</span> <span class='ocrx_word' id='word_1_300' title='bbox 1281 1513 1403 1548; x_wconf 85' lang='lat' dir='ltr'>probare</span> <span class='ocrx_word' id='word_1_301' title='bbox 1429 1514 1560 1552; x_wconf 86' lang='lat' dir='ltr'>videtur,</span> <span class='ocrx_word' id='word_1_302' title='bbox 1591 1525 1644 1546; x_wconf 89' lang='lat' dir='ltr'>sua</span> 
     </span>
     <span class='ocr_line' id='line_1_29' title="bbox 116 1554 1645 1605; baseline 0.001 -10"><span class='ocrx_word' id='word_1_303' title='bbox 116 1565 199 1604; x_wconf 77' lang='lat' dir='ltr'>parvi</span> <span class='ocrx_word' id='word_1_304' title='bbox 221 1566 384 1601; x_wconf 81' lang='lat' dir='ltr'>interesse,</span> <span class='ocrx_word' id='word_1_305' title='bbox 415 1571 511 1594; x_wconf 82' lang='lat' dir='ltr'>utrum</span> <span class='ocrx_word' id='word_1_306' title='bbox 546 1564 618 1593; x_wconf 87' lang='lat' dir='ltr'>sciat</span> <span class='ocrx_word' id='word_1_307' title='bbox 650 1563 744 1599; x_wconf 88' lang='lat' dir='ltr'>illud,</span> <span class='ocrx_word' id='word_1_308' title='bbox 775 1572 812 1593; x_wconf 90' lang='lat' dir='ltr'>an</span> <span class='ocrx_word' id='word_1_309' title='bbox 842 1564 974 1601; x_wconf 80' lang='lat' dir='ltr'>nesciat3</span> <span class='ocrx_word' id='word_1_310' title='bbox 1003 1563 1043 1592; x_wconf 91' lang='lat' dir='ltr'>ita</span> <span class='ocrx_word' id='word_1_311' title='bbox 1075 1572 1193 1600; x_wconf 88' lang='lat' dir='ltr'>quoque</span> <span class='ocrx_word' id='word_1_312' title='bbox 1222 1563 1402 1601; x_wconf 85' lang='lat' dir='ltr'>Botanicus‚</span> <span class='ocrx_word' id='word_1_313' title='bbox 1430 1565 1498 1595; x_wconf 90' lang='lat' dir='ltr'>dum</span> <span class='ocrx_word' id='word_1_314' title='bbox 1530 1554 1645 1605; x_wconf 56' lang='lat' dir='ltr'>nescit,</span> 
     </span>
     <span class='ocr_line' id='line_1_30' title="bbox 116 1606 1642 1654; baseline -0.003 -7"><span class='ocrx_word' id='word_1_315' title='bbox 116 1617 266 1654; x_wconf 75' lang='lat' dir='ltr'>quomodo</span> <span class='ocrx_word' id='word_1_316' title='bbox 281 1616 399 1645; x_wconf 85' lang='lat' dir='ltr'>ultimae</span> <span class='ocrx_word' id='word_1_317' title='bbox 420 1617 502 1645; x_wconf 85' lang='lat' dir='ltr'>bases</span> <span class='ocrx_word' id='word_1_318' title='bbox 520 1622 752 1653; x_wconf 84' lang='lat' dir='ltr'>componantur,</span> <span class='ocrx_word' id='word_1_319' title='bbox 774 1622 897 1645; x_wconf 81' lang='lat' dir='ltr'>attamen</span> <span class='ocrx_word' id='word_1_320' title='bbox 921 1615 1056 1652; x_wconf 84' lang='lat' dir='ltr'>intelligit</span> <span class='ocrx_word' id='word_1_321' title='bbox 1078 1615 1158 1644; x_wconf 86' lang='lat' dir='ltr'>floris</span> <span class='ocrx_word' id='word_1_322' title='bbox 1180 1616 1281 1651; x_wconf 76' lang='lat' dir='ltr'>dotes,</span> <span class='ocrx_word' id='word_1_323' title='bbox 1302 1615 1438 1653; x_wconf 76' lang='lat' dir='ltr'>affirmat,</span> <span class='ocrx_word' id='word_1_324' title='bbox 1466 1619 1502 1648; x_wconf 83' lang='lat' dir='ltr'>ad</span> <span class='ocrx_word' id='word_1_325' title='bbox 1525 1619 1576 1649; x_wconf 74' lang='lat' dir='ltr'>has</span> <span class='ocrx_word' id='word_1_326' title='bbox 1598 1606 1642 1649; x_wconf 51' lang='lat' dir='ltr'>inss</span> 
     </span>
     <span class='ocr_line' id='line_1_31' title="bbox 114 1658 1643 1706; baseline 0.002 -9"><span class='ocrx_word' id='word_1_327' title='bbox 114 1668 283 1705; x_wconf 76' lang='lat' dir='ltr'>telligendas</span> <span class='ocrx_word' id='word_1_328' title='bbox 307 1667 365 1696; x_wconf 84' lang='lat' dir='ltr'>sibi</span> <span class='ocrx_word' id='word_1_329' title='bbox 385 1676 445 1697; x_wconf 86' lang='lat' dir='ltr'>non</span> <span class='ocrx_word' id='word_1_330' title='bbox 464 1676 538 1704; x_wconf 87' lang='lat' dir='ltr'>opus</span> <span class='ocrx_word' id='word_1_331' title='bbox 557 1676 621 1696; x_wconf 87' lang='lat' dir='ltr'>esse</span> <span class='ocrx_word' id='word_1_332' title='bbox 644 1667 763 1696; x_wconf 88' lang='lat' dir='ltr'>ultimae</span> <span class='ocrx_word' id='word_1_333' title='bbox 783 1667 893 1696; x_wconf 87' lang='lat' dir='ltr'>basium</span> <span class='ocrx_word' id='word_1_334' title='bbox 916 1667 1040 1696; x_wconf 83' lang='lat' dir='ltr'>fabricae</span> <span class='ocrx_word' id='word_1_335' title='bbox 1059 1667 1182 1704; x_wconf 79' lang='lat' dir='ltr'>notitia3</span> <span class='ocrx_word' id='word_1_336' title='bbox 1205 1667 1250 1696; x_wconf 87' lang='lat' dir='ltr'>fac</span> <span class='ocrx_word' id='word_1_337' title='bbox 1267 1667 1361 1703; x_wconf 83' lang='lat' dir='ltr'>enim,</span> <span class='ocrx_word' id='word_1_338' title='bbox 1390 1670 1553 1706; x_wconf 81' lang='lat' dir='ltr'>composita</span> <span class='ocrx_word' id='word_1_339' title='bbox 1578 1658 1643 1700; x_wconf 81' lang='lat' dir='ltr'>esse</span> 
     </span>
     <span class='ocr_line' id='line_1_32' title="bbox 114 1709 1640 1758; baseline 0 -8"><span class='ocrx_word' id='word_1_340' title='bbox 114 1720 324 1758; x_wconf 77' lang='lat' dir='ltr'>hydrogenium</span> <span class='ocrx_word' id='word_1_341' title='bbox 340 1719 556 1757; x_wconf 62' lang='lat' dir='ltr'>et¹oxygenium</span> <span class='ocrx_word' id='word_1_342' title='bbox 572 1719 637 1748; x_wconf 88' lang='lat' dir='ltr'>aliis</span> <span class='ocrx_word' id='word_1_343' title='bbox 655 1718 825 1755; x_wconf 72' lang='lat' dir='ltr'>principiis,</span> <span class='ocrx_word' id='word_1_344' title='bbox 849 1727 911 1748; x_wconf 83' lang='lat' dir='ltr'>non</span> <span class='ocrx_word' id='word_1_345' title='bbox 928 1718 1030 1748; x_wconf 85' lang='lat' dir='ltr'>horum</span> <span class='ocrx_word' id='word_1_346' title='bbox 1047 1724 1235 1754; x_wconf 86' lang='lat' dir='ltr'>utrorumque</span> <span class='ocrx_word' id='word_1_347' title='bbox 1251 1726 1358 1748; x_wconf 81' lang='lat' dir='ltr'>remota</span> <span class='ocrx_word' id='word_1_348' title='bbox 1373 1719 1517 1757; x_wconf 87' lang='lat' dir='ltr'>principia</span> <span class='ocrx_word' id='word_1_349' title='bbox 1535 1709 1640 1751; x_wconf 81' lang='lat' dir='ltr'>haben·¹</span> 
     </span>
     <span class='ocr_line' id='line_1_33' title="bbox 115 1769 1639 1808; baseline -0.001 -7"><span class='ocrx_word' id='word_1_350' title='bbox 115 1772 150 1801; x_wconf 81' lang='lat' dir='ltr'>cla</span> <span class='ocrx_word' id='word_1_351' title='bbox 167 1778 235 1802; x_wconf 88' lang='lat' dir='ltr'>sunt</span> <span class='ocrx_word' id='word_1_352' title='bbox 250 1780 352 1808; x_wconf 72' lang='lat' dir='ltr'>aquam</span> <span class='ocrx_word' id='word_1_353' title='bbox 372 1779 566 1807; x_wconf 82' lang='lat' dir='ltr'>com-ponere,</span> <span class='ocrx_word' id='word_1_354' title='bbox 588 1769 638 1799; x_wconf 88' lang='lat' dir='ltr'>sed</span> <span class='ocrx_word' id='word_1_355' title='bbox 653 1770 698 1800; x_wconf 86' lang='lat' dir='ltr'>his</span> <span class='ocrx_word' id='word_1_356' title='bbox 714 1779 744 1800; x_wconf 84' lang='lat'>111</span> <span class='ocrx_word' id='word_1_357' title='bbox 761 1770 969 1807; x_wconf 83' lang='lat' dir='ltr'>hydrogenium</span> <span class='ocrx_word' id='word_1_358' title='bbox 987 1777 1014 1799; x_wconf 89' lang='lat' dir='ltr'>et</span> <span class='ocrx_word' id='word_1_359' title='bbox 1033 1769 1206 1807; x_wconf 81' lang='lat' dir='ltr'>oxygenium</span> <span class='ocrx_word' id='word_1_360' title='bbox 1227 1770 1317 1802; x_wconf 82' lang='lat' dir='ltr'>versis</span> <span class='ocrx_word' id='word_1_361' title='bbox 1339 1779 1440 1807; x_wconf 88' lang='lat' dir='ltr'>aquam</span> <span class='ocrx_word' id='word_1_362' title='bbox 1458 1773 1639 1803; x_wconf 83' lang='lat' dir='ltr'>constituere</span> 
     </span>
     <span class='ocr_line' id='line_1_34' title="bbox 114 1812 1638 1862; baseline 0.001 -10"><span class='ocrx_word' id='word_1_363' title='bbox 114 1823 221 1853; x_wconf 69' lang='lat' dir='ltr'>dicitur</span> <span class='ocrx_word' id='word_1_364' title='bbox 241 1823 410 1860; x_wconf 85' lang='lat' dir='ltr'>hydrogenii</span> <span class='ocrx_word' id='word_1_365' title='bbox 429 1829 457 1852; x_wconf 91' lang='lat' dir='ltr'>et</span> <span class='ocrx_word' id='word_1_366' title='bbox 479 1823 614 1860; x_wconf 87' lang='lat' dir='ltr'>oxygenii</span> <span class='ocrx_word' id='word_1_367' title='bbox 639 1823 762 1858; x_wconf 86' lang='lat' dir='ltr'>copula;</span> <span class='ocrx_word' id='word_1_368' title='bbox 790 1822 890 1851; x_wconf 87' lang='lat' dir='ltr'>insunt</span> <span class='ocrx_word' id='word_1_369' title='bbox 911 1823 940 1851; x_wconf 88' lang='lat' dir='ltr'>in</span> <span class='ocrx_word' id='word_1_370' title='bbox 959 1821 1062 1851; x_wconf 86' lang='lat' dir='ltr'>nitrate</span> <span class='ocrx_word' id='word_1_371' title='bbox 1090 1821 1247 1851; x_wconf 81' lang='lat' dir='ltr'>ammoniae</span> <span class='ocrx_word' id='word_1_372' title='bbox 1271 1830 1411 1860; x_wconf 85' lang='lat' dir='ltr'>azotum,</span> <span class='ocrx_word' id='word_1_373' title='bbox 1440 1812 1638 1862; x_wconf 71' lang='lat' dir='ltr'>oxygenium,</span> 
     </span>
     <span class='ocr_line' id='line_1_35' title="bbox 114 1871 1635 1912; baseline -0.001 -9"><span class='ocrx_word' id='word_1_374' title='bbox 114 1875 342 1912; x_wconf 68' lang='lat' dir='ltr'>hydrogenium3</span> <span class='ocrx_word' id='word_1_375' title='bbox 368 1883 431 1911; x_wconf 86' lang='lat' dir='ltr'>non</span> <span class='ocrx_word' id='word_1_376' title='bbox 462 1882 556 1904; x_wconf 87' lang='lat' dir='ltr'>tamen</span> <span class='ocrx_word' id='word_1_377' title='bbox 583 1875 638 1903; x_wconf 90' lang='lat' dir='ltr'>hoc</span> <span class='ocrx_word' id='word_1_378' title='bbox 671 1874 712 1902; x_wconf 82' lang='lat' dir='ltr'>sal</span> <span class='ocrx_word' id='word_1_379' title='bbox 734 1882 767 1902; x_wconf 87' lang='lat' dir='ltr'>ex</span> <span class='ocrx_word' id='word_1_380' title='bbox 797 1871 914 1901; x_wconf 79' lang='lat' dir='ltr'>miscela</span> <span class='ocrx_word' id='word_1_381' title='bbox 939 1872 1038 1901; x_wconf 87' lang='lat' dir='ltr'>harum</span> <span class='ocrx_word' id='word_1_382' title='bbox 1069 1873 1155 1901; x_wconf 82' lang='lat' dir='ltr'>trium</span> <span class='ocrx_word' id='word_1_383' title='bbox 1182 1873 1388 1911; x_wconf 80' lang='lat' dir='ltr'>constituitur3</span> <span class='ocrx_word' id='word_1_384' title='bbox 1418 1882 1534 1905; x_wconf 89' lang='lat' dir='ltr'>constat</span> <span class='ocrx_word' id='word_1_385' title='bbox 1559 1877 1635 1906; x_wconf 79' lang='lat' dir='ltr'>enim</span> 
     </span>
     <span class='ocr_line' id='line_1_36' title="bbox 113 1921 1635 1965; baseline 0.002 -11"><span class='ocrx_word' id='word_1_386' title='bbox 113 1926 194 1955; x_wconf 79' lang='lat' dir='ltr'>acido</span> <span class='ocrx_word' id='word_1_387' title='bbox 220 1926 325 1954; x_wconf 88' lang='lat' dir='ltr'>nitrico</span> <span class='ocrx_word' id='word_1_388' title='bbox 346 1932 373 1954; x_wconf 91' lang='lat' dir='ltr'>et</span> <span class='ocrx_word' id='word_1_389' title='bbox 398 1927 558 1962; x_wconf 85' lang='lat' dir='ltr'>ammonia,</span> <span class='ocrx_word' id='word_1_390' title='bbox 589 1933 675 1955; x_wconf 88' lang='lat' dir='ltr'>azoto</span> <span class='ocrx_word' id='word_1_391' title='bbox 697 1925 800 1962; x_wconf 83' lang='lat' dir='ltr'>partim</span> <span class='ocrx_word' id='word_1_392' title='bbox 827 1931 893 1952; x_wconf 83' lang='lat' dir='ltr'>cum</span> <span class='ocrx_word' id='word_1_393' title='bbox 919 1924 1061 1962; x_wconf 81' lang='lat' dir='ltr'>oxygenio</span> <span class='ocrx_word' id='word_1_394' title='bbox 1096 1921 1271 1962; x_wconf 66' lang='lat' dir='ltr'>conjuncto,</span> <span class='ocrx_word' id='word_1_395' title='bbox 1296 1926 1403 1962; x_wconf 76' lang='lat' dir='ltr'>partim</span> <span class='ocrx_word' id='word_1_396' title='bbox 1434 1935 1500 1956; x_wconf 90' lang='lat' dir='ltr'>cum</span> <span class='ocrx_word' id='word_1_397' title='bbox 1526 1928 1635 1965; x_wconf 79' lang='lat' dir='ltr'>hydro·</span> 
     </span>
    </p>
   </div>
   <div class='ocr_carea' id='block_1_4' title="bbox 111 1975 1636 2060">
    <p class='ocr_par' dir='ltr' id='par_1_4' title="bbox 111 1975 1636 2060">
     <span class='ocr_line' id='line_1_37' title="bbox 111 1975 1635 2016; baseline -0.001 -8"><span class='ocrx_word' id='word_1_398' title='bbox 111 1978 208 2014; x_wconf 71' lang='lat' dir='ltr'>gmio.</span> <span class='ocrx_word' id='word_1_399' title='bbox 250 1979 293 2007; x_wconf 84' lang='lat' dir='ltr'>lta</span> <span class='ocrx_word' id='word_1_400' title='bbox 320 1977 417 2006; x_wconf 86' lang='lat' dir='ltr'>florem</span> <span class='ocrx_word' id='word_1_401' title='bbox 447 1978 634 2016; x_wconf 82' lang='lat' dir='ltr'>intelligimus</span> <span class='ocrx_word' id='word_1_402' title='bbox 655 1986 717 2008; x_wconf 74' lang='lat' dir='ltr'>non</span> <span class='ocrx_word' id='word_1_403' title='bbox 739 1975 900 2012; x_wconf 85' lang='lat' dir='ltr'>constitui,</span> <span class='ocrx_word' id='word_1_404' title='bbox 932 1984 1122 2014; x_wconf 81' lang='lat' dir='ltr'>quaecunque</span> <span class='ocrx_word' id='word_1_405' title='bbox 1138 1976 1200 2007; x_wconf 77' lang='lat' dir='ltr'>sint</span> <span class='ocrx_word' id='word_1_406' title='bbox 1230 1975 1339 2015; x_wconf 83' lang='lat' dir='ltr'>ignotis</span> <span class='ocrx_word' id='word_1_407' title='bbox 1368 1977 1540 2016; x_wconf 83' lang='lat' dir='ltr'>quibusdam</span> <span class='ocrx_word' id='word_1_408' title='bbox 1567 1978 1635 2007; x_wconf 88' lang='lat' dir='ltr'>ulti-</span> 
     </span>
     <span class='ocr_line' id='line_1_38' title="bbox 904 2027 1636 2060; baseline 0.004 -3"><span class='ocrx_word' id='word_1_409' title='bbox 904 2028 932 2058; x_wconf 91' lang='lat' dir='ltr'>C</span> <span class='ocrx_word' id='word_1_410' title='bbox 953 2038 970 2057; x_wconf 72' lang='grc' dir='ltr'><strong>α</strong></span> <span class='ocrx_word' id='word_1_411' title='bbox 1579 2027 1636 2060; x_wconf 80' lang='lat' dir='ltr'>mis</span> 
     </span>
    </p>
   </div>
  </div>
 </body>
</html>
