1913 2427
287 124 330 149 aa·
531 115 566 148 1⁸¹.
609 123 708 146 niv
752 119 846 144 naa
890 110 1398 150 BREGGEN‚coR1‹.
1443 119 1538 144 rias

337 206 408 240 Hoc
447 205 562 244 modo,
586 206 726 249 Empiria
756 203 869 236 natura
898 203 954 234 sua
978 209 1073 246 atque
1096 203 1193 236 modo
1228 203 1402 242 ambitum,
1425 204 1481 247 qui
1505 215 1562 247 per
1594 205 1759 237 scientiam

286 264 388 308 ipsam
417 262 709 302 circumscribitur,
734 261 868 292 definire
890 259 941 290 vel
966 259 1144 292 distendere
1174 262 1304 304 poterit,
1328 267 1422 304 atque
1443 261 1590 292 Medicus
1608 261 1691 304 ipse,
1719 264 1755 294 in

292 327 454 364 postremo
479 319 628 363 temporis
655 326 686 349 et
710 317 822 361 agendi
848 323 986 359 punem,
1008 327 1130 348 sensum
1161 316 1385 350 medicinalem
1410 323 1442 348 et
1461 316 1623 356 judicium
1638 323 1759 362 practi-

288 387 360 408 cam
387 376 447 407 sibi
473 376 532 407 erit
573 374 812 411 vindicaturus,
835 379 873 405 ut
900 373 1032 417 perinde
1056 373 1223 416 diagnosiu
1249 385 1355 405 veram
1380 373 1544 405 instituere
1573 381 1606 405 et
1629 377 1761 409 medica·

285 433 372 464 mina
399 431 520 463 felicius
549 431 698 462 adhibere
728 436 832 473 queat.
877 444 891 459 »
914 432 967 460 Est
989 429 1106 461 scilicet
1124 441 1235 462 sensus
1252 429 1487 467 medicinalis,'’
1512 436 1548 461 ut
1565 441 1639 462 cum
1656 442 1760 465 Han·

290 500 345 520 Mo
367 489 427 532 ζ’)
452 488 581 530 loquar,
616 500 631 516 er
660 486 790 519 facultas
817 487 914 529 longo
937 497 1014 524 usu,
1036 487 1160 518 assidua
1191 487 1424 530 speculatione,
1449 492 1481 517 et
1505 485 1613 517 sedula
1637 494 1761 520 antece·

285 557 300 573 α
323 545 468 576 dentium
489 551 521 576 et
550 544 815 586 consequentium
849 545 1106 586 comparatione,
1131 546 1301 588 acquisita,
1324 543 1520 589 percipiendi
1547 543 1705 584 celeriter,
1727 551 1759 577 et

286 613 302 628 «
324 600 363 631 ab
391 601 446 639 iis,
470 611 551 644 quae
583 601 779 632 extrinsecus
806 607 982 643 apparent,
1004 601 1217 644 cognoscendi
1245 607 1440 644 praesentem
1468 600 1619 643 Corporis
1647 601 1759 633 condi-

286 667 301 684 «
324 657 465 694 tionem,
497 657 601 688 morbi
630 657 778 699 genium,
802 657 1057 704 naturaetvireS,
1081 664 1196 689 cuncta
1219 657 1374 700 denique,
1397 667 1478 699 quae
1502 667 1591 699 spem
1609 663 1665 688 aut
1691 669 1761 689 me-

287 725 303 741 «
325 719 394 744 tum
416 712 545 746 faciunt.
592 714 673 744 Huic
699 714 806 744 sensui
833 713 978 755 adjungit
1000 713 1159 755 judicium
1185 715 1377 757 practicu1n3
1400 713 1476 744 haec
1494 712 1692 744 nobilissima
1709 725 1759 746 ve·

287 780 303 796 «
327 770 354 800 ri
377 770 497 802 Medici
521 769 668 806 facultas,
691 769 842 802 diuturna
866 770 1080 812 speculatione
1103 777 1134 801 et
1155 770 1361 801 meditatione
1378 769 1547 813 acquisita,
1569 780 1650 812 quae
1663 769 1758 809 facit,

284 837 299 853 <t
322 831 357 856 ut
382 825 480 856 exiles
503 825 712 864 differentias,
737 836 819 868 quae
841 826 988 868 vulgares
1011 827 1152 858 Medicos
1181 826 1310 869 fugiunt
1329 849 1338 862 ,
1363 827 1397 856 iu
1420 825 1537 868 magna
1561 836 1694 857 casuum
1715 828 1760 858 si-

283 893 299 910 «
323 881 503 913 militudine
536 883 707 926 percipiat,
736 882 963 925 vicissimque,
996 882 1051 914 ubi
1077 883 1212 914 maxima
1240 889 1333 914 extus
1359 881 1550 925 disparilitas
1576 893 1644 914 esse
1668 883 1757 914 vide-

286 949 302 965 «
325 945 394 975 tnr,
418 938 462 969 ibi
488 949 671 970 caussarum
696 938 949 981 morborumque
977 940 1132 970 unitatem
1161 948 1253 982 saepe
1270 944 1438 981 agnoscat,
1461 938 1601 980 itemque
1615 945 1758 982 sympto-

285 1006 299 1021 (ε
323 1001 406 1024 mata
440 994 589 1026 subtilius
625 994 803 1034 discernat,'
823 1002 853 1026 et
878 1005 959 1036 quae
985 995 1063 1025 alios
1090 1001 1228 1032 terrent,
1255 994 1341 1026 haud
1369 1004 1441 1026 raro
1457 993 1586 1025 levioris
1602 996 1759 1028 momenti

285 1062 300 1078 κ
323 1060 404 1087 esse,
427 1050 568 1093 neglecta
596 1051 799 1094 potissimum
823 1051 963 1083 curanda
993 1050 1194 1095 perspiciat.'‘

326 1107 474 1138 Rationes
499 1107 596 1149 igitur
618 1108 720 1150 magis
748 1106 897 1140 definitae
910 1131 918 1147 ‚
940 1108 1059 1151 quibus
1085 1107 1270 1140 Medicinae
1289 1106 1415 1138 cultura
1433 1112 1471 1138 ut
1486 1106 1665 1150 plurimum
1685 1119 1757 1152 per·

281 1161 423 1200 finietur,
445 1165 504 1194 rite
527 1163 729 1194 collocandae
753 1171 850 1195 erunt
873 1165 906 1195 in
931 1171 1078 1196 accurato
1104 1163 1204 1196 status
1228 1163 1394 1201 morbosi,
1418 1164 1552 1207 ejusque
1581 1165 1661 1195 varii
1687 1175 1756 1196 om·

285 1218 366 1248 nino
388 1224 420 1248 et
443 1217 576 1255 diversi,
601 1219 726 1257 studio,
749 1230 814 1262 quo
832 1220 950 1250 scilicet
977 1221 1143 1251 thesaurus
1166 1220 1378 1262 experientiae
1403 1220 1544 1252 medicae
1577 1221 1698 1252 mirum
1721 1221 1757 1253 in

289 1273 424 1304 modum
450 1274 630 1317 augebitur.
654 1276 759 1318 Atque
777 1275 853 1307 huic
872 1276 931 1307 tini
945 1277 1093 1318 inprimis
1110 1276 1230 1307 (linica
1245 1276 1441 1307 occasionem
1461 1277 1616 1320 optimam
1638 1276 1757 1320 praebi-

287 1335 360 1360 tura
375 1331 436 1361 erit
451 1332 667 1373 cognitionem
685 1342 813 1363 omnem
835 1332 1038 1364 theoreticam
1055 1331 1242 1370 adhibendi,
1258 1343 1340 1376 quae
1356 1337 1463 1363 tamen
1477 1332 1517 1363 ad
1535 1343 1611 1364 usus
1626 1344 1758 1365 suossa-

282 1384 402 1417 lutares
431 1386 541 1417 referri
573 1398 740 1430 nunquam
772 1389 906 1431 poterit,
939 1389 1001 1420 uisi
1027 1389 1079 1420 vel
1100 1399 1231 1420 omnem
1255 1388 1436 1421 doctrinam
1459 1389 1617 1421 medicam
1642 1390 1672 1421 ei
1693 1389 1757 1434 pla·

281 1453 323 1473 ne
346 1442 530 1485 subjeceris.

325 1499 515 1543 Perlegenda
537 1499 609 1531 ideo
629 1500 765 1531 omnino
781 1507 876 1532 erunt
890 1507 955 1532 tam
971 1502 1136 1541 Veterum,
1160 1513 1257 1546 quam
1275 1502 1503 1535 Recentiorum
1524 1501 1652 1546 scripta,
1673 1512 1759 1546 quo-⁹

281 1565 352 1585 rum
372 1563 595 1599 argumentum
614 1556 827 1588 eruditionem
846 1564 877 1588 et
899 1569 1033 1590 acumen
1053 1560 1200 1591 criticum
1219 1560 1306 1591 acuit
1321 1566 1353 1591 et
1367 1557 1555 1597 confirmat,
1578 1565 1647 1590 tum
1665 1570 1756 1591 exer·

282 1611 462 1643 citationem
482 1613 568 1644 illam
589 1619 775 1656 perpetuam
800 1621 912 1657 anget,
934 1615 998 1658 qua
1018 1623 1049 1647 et
1076 1617 1214 1657 partium
1231 1615 1374 1648 studium
1389 1621 1421 1647 et
1434 1613 1616 1659 periculum
1631 1605 1754 1647 tollitur

282 1666 473 1700 defendendi
499 1669 724 1708 veliementer,
753 1671 841 1713 quod
872 1671 967 1702 semel
984 1672 1093 1704 auimo
1113 1672 1329 1716 praejudicato
1347 1672 1493 1704 statueris
1547 1683 1562 1699 α
1585 1670 1754 1715 Expedit?

281 1731 430 1756 monente
461 1737 743 1766 norrmquQ
771 1740 786 1755 κ
809 1727 849 1758 ad
875 1728 1062 1760 stabilienda
1086 1728 1293 1760 fundamenta
1314 1727 1432 1759 solidae
1453 1734 1485 1759 et
1508 1737 1600 1759 verae
1622 1728 1753 1760 medici-

281 1791 296 1806 ι
318 1789 387 1818 nae,
405 1782 557 1813 theoriam
573 1793 681 1815 veram
695 1789 726 1814 et
736 1783 853 1815 realem
867 1795 941 1816 cum
958 1786 1059 1829 praxi,
1084 1792 1205 1817 veteres
1219 1796 1295 1817 cum
1311 1784 1553 1823 recentioribus,
1564 1785 1664 1816 amice
1674 1795 1755 1817 oon·

1706 1851 1754 1872 ct·

309 1918 377 1958 (*)
393 1920 423 1957 J.
444 1922 482 1951 D.
504 1923 656 1955 Hanmx
684 1925 792 1956 Oratio
829 1924 863 1953 dc
897 1924 1012 1954 Medico
1036 1924 1243 1965 speculatore,
1263 1925 1301 1955 L.
1322 1925 1357 1956 B.
1381 1931 1465 1961 1795.
1485 1932 1549 1962 pag.
1571 1925 1619 1960 58.
