1913 2427
464 158 948 195 DIssEnTArto
1014 158 1371 204 inamatus.
1628 168 1674 210 αι

164 248 332 280 Extremum
347 255 441 278 autem
455 255 636 286 praeceptum
655 257 768 285 operam
783 248 846 277 dare
858 250 958 286 jubet,
980 259 1015 279 ne
1030 253 1099 288 quid
1119 260 1218 282 contra
1231 254 1279 291 J'us
1297 260 1324 282 et
1345 261 1466 290 aequum
1490 257 1644 286 contendas
1655 277 1666 292 ,

163 310 200 329 ne
217 302 287 337 quid
308 311 361 338 pro
391 301 504 338 inJ'uria.
544 301 769 329 Fundamentum
788 300 866 329 *enim
894 308 1047 338 perpetuae
1072 304 1328 334 commendationis
1352 312 1380 333 et
1401 305 1490 334 famae
1521 314 1564 335 est
1581 307 1675 343 Justl-

161 352 204 380 tia
224 353 322 388 (29).
363 353 466 388 Neque
486 358 581 381 tamen
605 352 722 381 alterum
747 350 929 388 benignitatis
952 361 1061 390 genus,
1083 356 1163 391 quod
1186 356 1218 384 fit
1234 356 1355 391 pecunia
1369 356 1530 393 largienda,
1552 359 1670 388 omnino

161 408 207 431 est
226 403 450 439 repudiandum,
481 409 510 431 et
545 411 628 439 saepe
657 403 764 431 idoneis
791 402 958 432 hominibus
991 404 1187 442 indigentibus
1223 408 1257 436 dc
1289 416 1318 436 re
1347 406 1479 435 familiari
1514 408 1676 444 impertien-

162 454 230 481 dum
252 455 352 491 (30),
377 455 463 483 modo
487 454 516 482 id
537 455 585 483 fiat
606 454 755 490 diligenter
777 460 862 489 atque
886 456 1035 485 moderate.
1070 458 1197 485 Stultum
1222 465 1265 487 est
1287 459 1361 487 enim
1384 459 1555 494 patrimonia
1583 459 1674 488 effun-

159 506 244 541 dere,
265 505 430 535 inconsulte
447 506 603 543 largiendo.
643 506 710 535 Duo
735 507 879 543 largorum
906 516 1005 543 genera
1024 516 1088 536 esse
1107 509 1221 537 statuit:
1253 517 1375 545 quorum
1400 510 1442 538 illi
1463 510 1597 547 prodigi,
1618 510 1671 546 qui

159 565 253 593 neque
277 558 395 586 modum
425 566 518 593 neque
550 558 633 586 finem
665 565 850 594 expensarum
875 558 998 594 habent,
1028 560 1077 588 sed
1099 560 1173 588 bona
1195 569 1249 588 sua
1266 561 1445 589 dilacerando
1476 566 1504 588 et
1527 560 1670 596 dissipari·

158 610 198 639 do
222 608 404 647 profundunt
434 610 541 647 (31);
572 610 602 638 hi
629 609 771 638 liberales.
816 609 935 638 Transit
958 610 1057 638 deinde
1084 611 1118 638 ad
1142 610 1306 648 largitiones
1335 611 1467 647 publicas
1485 631 1496 646 ,
1525 620 1595 647 quas
1618 611 1672 640 irn-

157 661 296 698 probasse
309 661 422 690 videtur
439 661 549 690 Cicero.
585 661 636 688 Ait
652 660 725 688 enim
743 661 857 696 gravius
877 667 904 688 et
920 661 1015 688 verius
1035 660 1128 689 facere
1146 661 1332 689 Aristotelem
1348 663 1455 698 (32),
1479 671 1561 697 quam
1587 663 1675 691 Theo-

153 713 332 756 phrastum,
363 711 441 746 quod
466 719 525 739 non
549 711 644 738 laudet
662 731 672 745 ,
700 718 751 738 nec
774 710 928 738 admiretur
943 731 953 744 .‚
976 712 1163 747 pecuniarum
1188 712 1343 740 effusiones
1359 733 1368 747 ,
1400 713 1434 740 ad
1457 713 1672 742 multitudinem

156 762 343 791 deliniendam
366 761 476 796 factas,
505 768 532 789 et
555 760 649 795 dicat,
680 761 747 788 haec
774 760 892 796 pueris,
920 761 1096 790 mulierculis
1125 768 1154 790 et
1183 763 1293 797 servis,
1324 771 1530 799 servorumque
1555 765 1670 793 similli-

157 813 212 843 mis
241 813 359 848 liberis,
386 821 452 841 esse
483 819 583 848 grata,
614 811 693 847 gravi
720 819 787 840 vcro
815 805 925 840 homini
954 813 1035 841 nullo
1062 813 1148 842 modo
1175 812 1292 849 probari
1320 822 1417 850 posse.
1467 814 1551 843 Licet
1582 816 1670 846 nimia

153 865 269 902 largitio
297 863 541 901 pecunia-rumque
569 862 703 899 profusio
731 862 770 890 sit
806 863 981 898 spernenda,
1018 863 1161 893 vitandam
1192 873 1254 893 esse
1278 865 1425 893 avaritiam
1454 865 1556 895 merito
1587 875 1671 903 prae-

154 914 241 951 cipit.
282 915 394 943 Caussa
417 913 576 950 largitionis
603 920 647 941 est
678 919 727 941 aut
754 913 928 948 necessitas,
955 920 1003 942 aut
1024 914 1156 944 utilitas:
1186 921 1214 944 at
1243 924 1310 944 vero
1342 915 1372 944 in
1403 924 1434 945 ea
1463 917 1669 947 mediocritatis

157 966 254 1002 regula
279 964 388 1001 optima
412 971 466 993 est.
515 965 614 1000 Atque
635 964 718 994 etiam
740 971 840 1000 putat,
863 965 1004 1001 impensas
1033 974 1096 995 esse
1122 967 1271 1002 meliores,
1299 967 1390 996 factas
1415 967 1444 995 in
1474 976 1592 1004 muros,
1621 978 1671 998 na-

156 1017 254 1052 valia,
281 1022 408 1053 portus,
436 1024 572 1052 aquarum
602 1015 706 1044 ductus
724 1035 735 1052 ,
762 1015 915 1051 omniaque
946 1025 1017 1051 quae
1045 1018 1079 1045 ad
1104 1025 1187 1045 usum
1215 1019 1285 1054 reip.
1319 1019 1473 1054 pertinent.
1527 1019 1671 1056 Theatra,

152 1067 304 1105 porticus,
324 1075 400 1096 nova
427 1068 531 1102 templa
553 1066 708 1103 inprimis,
736 1074 795 1094 non
818 1066 956 1102 probasse
978 1067 1063 1098 ret'ert
1086 1068 1262 1098 Panaetium
1291 1075 1319 1098 et
1345 1069 1529 1099 Demetrium
1558 1070 1665 1100 Phale-

154 1130 256 1157 reum,
282 1121 350 1149 licet
374 1121 437 1157 ipse
461 1126 582 1158 propter
604 1120 769 1158 Pompejum
801 1127 832 1147 ea
862 1120 1051 1148 verecundius
1081 1121 1307 1156 reprehendenda
1331 1127 1443 1150 censeat
1468 1122 1526 1158 (33
1536 1123 1563 1159 ).
1598 1122 1672 1153 Post

148 1171 380 1208 disputationem
408 1172 442 1201 de
464 1171 591 1207 publicis
620 1169 821 1207 largitionibus
837 1187 847 1205 5
873 1170 976 1199 transit
994 1171 1029 1199 ad
1047 1171 1191 1207 privatas,
1221 1172 1251 1200 in
1271 1181 1345 1210 quos
1369 1179 1397 1201 et
1421 1180 1562 1208 quatenus
1588 1182 1666 1204 exet-

153 1222 269 1251 cendas.
308 1221 408 1258 Magis
433 1222 608 1259 largiendum
632 1227 729 1250 monet
752 1221 808 1256 iis,
834 1221 883 1256 qui
909 1222 1070 1251 calamitate
1100 1230 1288 1259 premuntur,
1316 1223 1372 1252 nisi
1402 1223 1477 1253 forte
1500 1232 1583 1253 erunt
1601 1226 1665 1263 dig-

154 1273 186 1302 ni
207 1273 365 1301 calamitate
380 1294 390 1308 ‚
419 1281 504 1309 quam
530 1273 583 1308 iis,
609 1273 721 1308 quires
744 1272 876 1301 meliores
898 1280 1058 1309 quaerunt,
1078 1275 1167 1302 nullis
1194 1275 1256 1303 suis
1283 1275 1367 1305 rebus
1392 1275 1537 1311 adversi53
1567 1284 1666 1311 quam-

153 1332 239 1360 quam
262 1325 291 1352 in
314 1332 363 1352 eos
393 1325 541 1352 restrictos
564 1325 684 1352 omnino
705 1332 768 1352 esse
789 1325 872 1352 nullo
890 1325 978 1353 modo
1005 1325 1156 1352 debemus:
1184 1325 1233 1352 sed
1258 1324 1288 1352 in
1310 1325 1468 1361 deligendis
1486 1326 1594 1356 idoneis
1619 1329 1670 1364 Ju.

152 1374 260 1403 dicium
285 1380 313 1401 et
331 1373 508 1409 diligentiam
531 1373 705 1401 adhibendas
722 1381 803 1408 esse,
834 1380 861 1402 et
886 1383 934 1402 eos
960 1383 1045 1409 quam
1069 1374 1202 1410 plurimis
1232 1374 1378 1404 beneficiis
1401 1376 1583 1413 afficiendos,
1614 1381 1667 1414 qui

152 1424 259 1462 ingrati
280 1432 342 1452 esse
362 1431 422 1452 non
445 1430 590 1460 possunt:
612 1424 764 1453 convenire
784 1424 889 1461 etiam,
913 1431 973 1453 tum
999 1425 1029 1453 in
1056 1425 1151 1454 dando
1179 1425 1346 1454 munificum
1368 1434 1450 1467 esse,
1478 1433 1539 1457 tum
1557 1429 1586 1458 in
1603 1431 1662 1459 exi-

1601 1490 1669 1519 gen-

201 1577 213 1594 a
263 1570 308 1599 off.
324 1572 351 1594 11.
370 1576 460 1599 imao.

177 1571 249 1642 5333
263 1613 324 1634 Haec
338 1612 408 1640 carpit
420 1612 540 1634 Lanatum
555 1613 606 1635 Div.
618 1613 671 1635 hm.
687 1614 703 1636 1.
716 1613 761 1641 VI,
778 1620 798 1636 c.
813 1618 846 1637 Π.
871 1614 956 1643 „Quid
969 1613 1032 1642 est‚¹'
1047 1613 1136 1643 inquit,
1151 1630 1169 1643 ‚‚
1181 1614 1274 1637 idoneis?
1289 1615 1378 1643 Nempe
1391 1615 1435 1643 iis,
1453 1617 1492 1644 qul
1505 1617 1622 1640 restituere
1635 1625 1662 1642 nc

151 1668 170 1682 ς,
186 1654 271 1676 referre
284 1653 374 1679 gratiam
389 1653 491 1680 possim?
513 1653 535 1674 si
549 1659 609 1675 nunc
621 1655 691 1676 Cicero
705 1655 808 1681 viveret,
824 1657 971 1678 exclamarem
986 1656 1105 1683 profecto:
1122 1657 1181 1683 Hic,
1196 1657 1248 1683 hle,
1264 1657 1300 1679 M.
1314 1658 1386 1679 Tulli!
1404 1658 1511 1680 aben-aul
1522 1666 1534 1681 a
1547 1665 1601 1682 vera
1613 1660 1661 1685 jus-

150 1710 170 1724 „
184 1693 248 1722 titia,
264 1697 357 1721 eamque
370 1699 415 1715 uno
430 1694 502 1716 verbo
517 1694 640 1721 sustulisti,
656 1701 708 1717 curn
725 1695 816 1722 pietatis
835 1702 858 1717 ct
871 1697 1018 1719 ‘humanitatis
1038 1697 1111 1718 officia
1124 1697 1215 1718 utilitate
1228 1697 1318 1720 metitus
1332 1704 1366 1719 es.
1395 1699 1520 1721 Nonenim
1532 1701 1606 1722 idoneis
1619 1702 1660 1723 ho-

150 1751 169 1764 „
184 1736 282 1758 minibus
293 1735 431 1760 largiendum
444 1741 490 1761 eat,
504 1736 543 1757 sed
557 1741 661 1762 quantum
675 1741 763 1764 potest,
779 1744 816 1757 non
829 1738 928 1760 idoneis.’‘
941 1748 970 1755 —
987 1739 1031 1759 Sed
1045 1740 1102 1760 male
1116 1737 1233 1760 intellecto
1246 1738 1311 1760 verbi
1324 1739 1404 1761 idoneus
1424 1739 1485 1767 (quo
1505 1740 1575 1763 ctum
1595 1742 1663 1769 sigul-

152 1777 206 1799 ficut
221 1778 304 1804 probos
321 1776 424 1798 homines
443 1781 570 1804 paupertate
591 1776 733 1804 oppressos)
755 1783 820 1799 sensu
841 1778 956 1800 inductum
974 1779 1106 1800 Lactanttum
1125 1780 1181 1800 haec
1201 1775 1396 1802 escerbnitverba'
1409 1774 1597 1810 reprehendisse,
1616 1783 1662 1809 jam

152 1819 236 1842 dudum
249 1823 358 1839 monuere
371 1817 414 1838 viri
428 1817 489 1840 docti
505 1817 624 1844 (Ileun'ng.
640 1823 662 1838 et
679 1818 756 1839 Gernh.
769 1819 798 1838 ad
809 1819 850 1845 Off.
868 1820 890 1846 1,
909 1825 942 1845 tf.
973 1820 1073 1847 Engelhr.
1090 1821 1147 1842 Dis:-
1162 1821 1217 1842 laud.
1239 1827 1262 1847 p.
1275 1826 1310 1847 41.
1333 1826 1380 1843 n0t.
1395 1823 1438 1847 a.)

177 1858 221 1887 (μ
232 1858 245 1885 >
256 1859 327 1880 εἰσιν,
343 1857 386 1884 Off.
399 1858 433 1884 11,
450 1864 477 1880 22
515 1858 562 1885 01ρῖ
563 1865 596 1880 ωε.
612 1859 638 1880 L
657 1859 672 1880 1
687 1862 721 1885 pr.
735 1859 764 1880 D.
776 1859 799 1879 dc
813 1860 886 1882 Curat.
896 1859 924 1888 sa
927 1868 946 1881 r.
975 1862 1072 1883 Laetam.
1095 1862 1111 1883 1.
1128 1868 1145 1881 c.
1168 1867 1189 1882 c.
1209 1866 1243 1888 ¹7
1266 1861 1326 1883 sorte
1339 1862 1384 1884 huc
1401 1861 1503 1890 respicit.

180 1897 248 1925 (aa)
261 1898 318 1919 Cum
334 1898 357 1920 in
371 1899 491 1920 drinaum
502 1898 566 1921 libris
582 1899 613 1920 nil
626 1899 669 1920 tale
682 1901 784 1928 legatur,
801 1902 882 1923 merito
895 1903 990 1923 Mamur
1008 1902 1135 1930 suspicatur
1153 1903 1285 1928 legendum·
1306 1904 1342 1923 Ar
1344 1905 1381 1924 im
1399 1905 1485 1927 Sro‘imm
1514 1905 1542 1934 J.
1557 1905 1591 1928 M.
1607 1906 1663 1928 llan-

143 1941 230 1966 «lagno
243 1937 322 1966 pinet
324 1944 345 1960 at
359 1939 433 1960 Arina
445 1940 625 1962 cefu1.Mur-eeo
638 1941 699 1962 favet
711 1942 827 1964 Gernhard.
859 1942 914 1965 Cum
928 1943 996 1965 dictis
1011 1944 1042 1965 οἳ.
1056 1944 1124 1966 cte-ro
1135 1943 1200 1971 ipse,
1215 1944 1242 1965 ad
1252 1943 1406 1971 Dtr.vn,1.

179 1980 249 2009 (³³)
266 1980 299 2001 Da
313 1979 354 2006 Off·
369 1979 404 2006 11,
422 1984 455 2008 17.
473 1980 510 2002 ubi
527 1980 572 2004 vid.
588 1982 709 2009 Heusinger.

963 2023 986 2053 F
