1913 2427
341 189 815 222 DISSERTATIO
880 189 1418 227 PHILOSOPHICA.
1588 194 1629 227 65

114 281 171 317 Jam
190 278 247 314 IL,
270 277 436 307 monuimus
459 284 486 306 et
503 277 708 314 probavimus,
730 282 882 305 commune
899 283 961 304 esse
982 278 1110 307 omnium
1132 284 1259 308 veterum
1282 279 1527 316 Philosophorum
1552 282 1630 318 prin-

115 331 244 366 cipium:
268 330 359 365 „vive
377 330 534 358 secundum
552 336 697 364 naturamt,
708 328 726 340 ’⁹
744 328 772 356 id
788 328 822 356 ab
842 327 977 356 omnibus
994 328 1087 357 fuisse
1102 337 1292 366 concessum,
1313 337 1373 359 tum
1388 337 1463 360 recte
1477 332 1562 361 vitam
1580 332 1624 362 in-

114 381 218 417 stitui,
240 390 305 410 curn
329 382 443 410 vivatur
459 382 615 409 secundum
640 386 787 409 naturam:
815 386 876 407 tum
902 380 1023 415 denique
1042 381 1106 410 lites
1129 388 1156 410 et
1183 381 1384 412 contentiones
1413 389 1489 412 ortas
1514 383 1625 420 fuisse,

114 441 181 462 cum
212 433 281 468 quid
299 439 375 461 esset
398 433 446 460 illa
469 439 568 461 natura
582 453 591 467 ‚
613 432 741 467 quidque
766 432 874 466 vellet,
895 431 1076 460 indicaretur.

151 484 296 523 Quoniam
319 483 405 520 igitur
421 483 491 511 illud
508 482 701 520 principium,
728 483 905 519 generalibus
927 483 996 511 adeo
1020 490 1046 512 et
1069 484 1150 521 vagis
1174 484 1269 514 verbis
1291 492 1482 522 conceptum,
1504 487 1621 516 Veteres

114 535 319 565 diversissimis
346 534 438 564 modis
467 535 662 571 explicarent,
691 533 730 561 ita
757 539 790 561 ut
821 533 920 562 iisdem
953 533 1049 562 verbis
1081 535 1229 564 utentibus
1262 537 1398 573 opposita
1431 543 1458 566 et
1488 539 1630 568 contraria

114 595 198 623 saepe
218 586 357 615 sententia
384 592 478 621 esset,
505 586 703 622 exponendum
728 590 804 619 erat,
832 592 984 619 quamnam
1011 585 1079 613 huic
1105 585 1245 616 formulae
1274 589 1420 617 communi
1449 588 1548 618 Cicero
1569 589 1630 626 sig-

117 639 311 668 nificationem
329 644 506 667 annecteret:
527 645 613 673 atque
631 646 661 666 ea
678 638 789 666 demum
809 635 951 673 expressis
971 635 1066 664 verbis
1083 636 1176 665 addita
1188 658 1197 672 ‚
1224 644 1336 673 poterat
1359 647 1428 668 vero
1444 648 1528 669 sensu
1553 641 1632 676 prin-

116 690 227 727 cipium
247 690 450 726 Philosophiae
471 689 587 718 moralis
609 689 756 726 appellari.
796 689 828 717 Si
851 688 949 724 itaque
967 687 1132 723 quaeritur,
1154 695 1187 717 ut
1211 697 1299 717 unum
1322 698 1431 719 morum
1455 690 1630 727 principium

114 749 149 770 ex
165 742 308 770 Ciceronis
322 740 437 776 scriptis
453 747 630 777 exponatur,
648 740 789 769 continuo
799 746 929 776 paratum
946 747 1137 775 responsum:
1162 740 1256 776 „vive
1273 742 1432 770 secundum
1452 748 1580 771 naturam
1592 742 1598 771 !
1610 742 1629 754 ”

114 792 166 821 sed
187 798 221 820 ut
244 794 343 820 merito
363 792 479 821 nomine
507 791 643 828 principii
664 791 780 820 moralis
803 791 953 825 universe,
983 795 1010 818 et
1031 790 1182 826 principii,
1211 792 1259 820 cui
1282 792 1382 821 Cicero
1405 792 1536 829 favebat,
1559 795 1629 830 vpar-

113 841 273 878 tIculatim‚
302 843 400 871 vocari
426 849 543 879 posset,
571 842 757 879 diligentius,
777 842 848 877 quid
869 847 997 870 naturam
1027 841 1126 870 Cicero
1156 842 1296 878 dixisset,
1326 843 1528 879 inquirendum
1559 851 1629 874 erat.

114 893 205 931 Quod
228 901 294 922 cum
324 892 493 929 fecerimus,
524 900 647 929 quatuor
674 902 732 922 eam
757 893 907 929 partibus,
939 900 992 921 seu
1016 892 1118 928 potius
1149 894 1300 931 principiis
1328 894 1542 930 subordinatis,
1564 904 1634 925 con-

116 949 192 974 stare
221 952 256 972 ex
284 944 422 973 sententia
447 944 590 974 Ciceronis
618 944 798 974 invenimus:
828 944 853 972 si
876 943 972 980 itaque
1001 943 1069 971 velit
1092 944 1235 980 quispIam
1263 945 1439 982 principium
1468 946 1634 975 Ciceronia-

114 1004 187 1024 mum
200 995 307 1023 tradere
320 994 456 1024 omnibus
469 995 541 1024 illud
554 995 707 1024 Veteribus
722 1002 890 1030 commune,
921 1015 939 1030 ‚‚
954 994 1019 1023 vive
1043 995 1202 1024 secundum
1220 1002 1369 1032 naturam,
1379 996 1398 1009 ’'
1423 996 1465 1026 nil
1481 997 1566 1026 nobis
1589 998 1634 1027 in-

114 1045 187 1075 vitis
205 1045 323 1082 fecerit3
345 1047 450 1083 modo,
473 1047 500 1076 si
520 1047 554 1076 de
574 1055 608 1076 eo
629 1047 797 1083 exponendo
821 1052 848 1074 et
867 1045 1026 1074 definiendo
1048 1047 1178 1081 quaestio
1203 1047 1259 1082 sit,
1288 1048 1345 1077 isto
1376 1048 1463 1079 modo
1487 1048 1630 1086 explicet,

112 1103 177 1134 quo
196 1105 214 1127 a
234 1096 368 1129 Cicerone
385 1106 449 1129 esse
472 1104 643 1136 acceptum,
664 1105 700 1128 ex
723 1097 785 1135 ejus
810 1096 927 1133 scriptis
946 1096 1069 1132 probare
1090 1097 1186 1126 conati
1207 1107 1322 1129 sumus,

677 1222 1061 1255 TANTUM.

623 1409 709 1448 Quid
731 1409 800 1438 aliis
822 1407 957 1443 accidat,
979 1409 1082 1438 nescio.
1124 1409 1177 1437 Me
1206 1410 1343 1447 legentem
1368 1411 1408 1439 sic
1431 1411 1543 1448 afficere
1566 1410 1635 1439 solet

665 1461 712 1490 M.
728 1459 872 1495 Tullius,
894 1460 1090 1497 praesertim,
1120 1460 1169 1488 ubi
1190 1460 1232 1488 de*
1252 1461 1318 1490 bem:
1354 1461 1470 1492 vivendo
1496 1461 1629 1498 disserit,

661 1515 695 1541 ut
715 1511 851 1540 dubitare
873 1517 930 1538 non
954 1511 1057 1546 possim
1074 1531 1084 1546 ‚
1113 1512 1183 1549 quin
1217 1511 1296 1539 illud
1316 1518 1436 1550 pectus,
1464 1512 1538 1543 unda
1575 1515 1634 1543 ista

655 1561 848 1600 prodierunt,
871 1560 974 1599 aliqua
994 1561 1135 1591 divinitas
1159 1564 1317 1600 occuparit.

926 1649 1077 1679 ERAsm.
1100 1648 1197 1689 Epist.
1217 1650 1259 1679 acl
1279 1650 1351 1688 Joln
1375 1652 1556 1685 Ulattenum.
