1913 2427
249 136 305 170 *62
581 133 611 166 J·
696 129 1451 165 R.THORBECKE'

268 245 294 262 ,‚
313 230 399 254 causa
415 222 610 252 *deserendum
633 219 691 256 sit;
713 224 846 254 vetatque
858 215 1042 254 Pythagoras
1056 214 1171 252 injussu
1191 214 1389 252 Imperatoris,
1411 215 1440 244 id
1460 220 1521 250 est,
1541 214 1614 251 Dei,
1637 216 1672 245 de
1695 225 1774 253 prae.

267 297 291 312 ,‚
313 275 388 304 sidio
411 280 438 303 et
461 275 585 303 statione
606 271 680 301 vitae
696 270 835 299 decedere.
845 268 864 280 ’‘
892 267 947 305 (de
961 267 1072 296 Senect.
1089 277 1114 296 c.
1134 267 1207 303 19.)
1244 266 1285 295 Et
1304 265 1424 303 (Somn.
1442 266 1520 304 Seip.
1538 274 1565 296 c.
1583 269 1634 303 3.)
1662 266 1772 296 Paulus

237 330 239 333 ⁴
262 328 302 356 ita
332 327 422 355 filium
447 326 606 364 Scipionem
631 323 808 359 Africanum
840 320 985 349 Minorem
1009 318 1182 355 alloquitur:
1215 337 1232 353 ,‚
1253 316 1322 345 Nisi
1349 317 1429 345 Deus
1449 317 1491 352 is,
1520 319 1604 355 cujus
1627 317 1683 351 hoc
1705 325 1774 347 tem-

263 398 287 414 „
309 378 390 414 plum
415 383 458 406 est
481 384 583 411 omne,
607 375 685 410 quod
705 371 873 408 conspicis,
895 371 958 400 istis
985 377 1013 399 te
1037 369 1167 406 corporis
1188 368 1329 397 custodiis
1355 368 1502 404 liberarit,
1531 369 1588 397 huc
1608 369 1662 397 tibi
1677 369 1772 399 aditus

264 449 289 466 9,
309 435 405 465 patere
426 436 485 456 non
503 432 619 464 potest:
642 424 772 454 homines
794 424 868 453 enim
891 429 959 452 sunt
980 423 1031 452 hac
1048 423 1109 458 lege
1127 420 1266 458 generati,
1287 419 1337 455 qui
1363 425 1508 448 tuerentur
1528 420 1610 448 illum
1634 420 1774 457 globum,

268 500 292 516 „
314 487 385 514 quae
407 485 479 507 terra
502 478 627 507 dicitur:
649 493 688 500 —
708 484 795 512 quare
820 475 880 512 piis
913 474 1047 504 omnibus
1077 472 1241 500 retinendus
1274 476 1318 499 est
1346 470 1459 498 animus
1490 470 1519 499 in
1552 470 1686 499 custodia
1712 480 1777 501 cor-

266 551 290 567 „
311 530 411 566 poris,
440 538 493 558 nec
522 529 637 565 injussu
667 528 728 564 eJ'us
746 548 757 564 ,
785 536 801 556 a
830 536 888 563 quo
913 525 961 554 ille
991 531 1034 554 est
1065 523 1150 554 vobis
1181 524 1264 551 datus
1282 542 1292 557 ‚
1327 529 1362 549 ex
1391 521 1541 550 hominum
1570 522 1629 551 vita
1655 521 1777 559 migran-

263 602 287 617 „
307 581 375 609 dum
391 586 453 616 est.⁷
475 589 510 610 ne
535 588 641 608 munus
666 578 844 613 humanum,
866 577 1039 614 assignatum
1054 584 1069 604 a
1085 575 1169 608 Deo,
1190 572 1334 610 defugisse
1356 572 1516 603 videamini.
1533 571 1553 585 ’²
1592 573 1698 601 Eadem
1720 573 1777 601 uti—

264 638 312 660 tur
334 631 472 660 sententia
489 631 594 667 (Tusc.
615 630 657 667 ,Q-
674 630 701 660 Ι.
719 631 809 668 30.):
834 649 852 665 ‚‚
872 635 949 659 vetat
965 627 1115 656 dominans
1132 624 1224 654 illem
1238 623 1323 653 nobis
1338 623 1417 652 Dens
1431 624 1545 660 injussu
1559 623 1634 651 ·hinc
1651 631 1705 652 nos
1719 632 1777 653 suo

270 704 295 719 ‚,
316 682 515 719 demig1·are:”
537 682 591 718 (de
607 690 666 717 quo
686 681 871 717 Pythagorae
894 686 920 707 et
946 679 1161 706 Platonicorum
1182 676 1314 711 dogmate
1337 673 1417 704 conf.
1440 674 1544 704 Davis.
1569 673 1611 702 ad
1630 674 1678 703 ill.
1702 675 1780 712 loc..)

268 734 348 770 quod
363 741 431 762 vero
451 733 480 761 in
501 733 558 761 isto
575 733 640 760 loco
657 731 754 764 addit,
793 731 887 758 Deum
902 729 997 765 ipsum
1024 728 1128 756 Catoni
1142 734 1255 754 causam
1279 725 1422 754 moriundi
1445 725 1572 761 dedisse,
1593 731 1621 754 et
1644 724 1702 763 (dc
1718 725 1778 762 Off.

265 786 291 813 Ι.
312 785 382 821 31.)
406 783 570 813 Stoicorum
589 781 754 811 sententiani
770 780 914 815 defendit,
935 780 964 808 id
979 785 1053 807 recte
1070 783 1152 813 putat
1169 776 1309 804 Pcarcius
1326 776 1382 812 (ad
1395 776 1448 805 loc.
1472 775 1550 812 Offic.
1564 776 1640 814 cit.)
1661 776 1777 806 Catonis

268 834 353 863 amici
378 834 466 871 gratia
486 833 721 870 potiussquam
738 840 793 861 suo
814 831 944 868 judicio,
969 829 1091 863 fecisse,
1119 826 1228 863 quippe
1255 828 1340 863 cujus
1367 826 1603 855 catonisvreeens
1622 835 1782 857 iners-em-

267 885 346 914 nium
377 891 437 913 tum
464 893 512 913 ore
542 883 746 912 celebrabatur.
794 882 880 912 Certe
908 879 1047 910 sententia
1076 879 1220 908 Ciceronis
1254 877 1347 907 fuisse
1373 878 1505 912 videtur,
1539 886 1612 913 quae
1634 886 1669 908 ex
1701 878 1775 911 locis

263 937 360 964 Sonn'z.
383 936 458 973 Scip.
479 944 507 964 c.
531 943 558 971 3.
579 935 613 962 de
634 935 744 963 Senect.
766 941 791 962 c.
815 942 859 969 19.
882 938 974 968 patet:
997 929 1159 966 praesertim
1182 938 1215 958 ex
1231 935 1380 965 postremo
1402 928 1492 963 loco,
1520 928 1550 958 in
1568 934 1627 963 quo
1650 928 1780 964 oblitus,

264 995 297 1015 se
318 995 352 1014 ex
372 986 487 1015 Catonis
502 986 592 1014 Stoici
609 992 733 1021 persona
752 984 852 1021 loqui,
879 992 963 1013 suuni
982 982 1142 1022 judicium,
1166 980 1342 1009 contrarium
1365 978 1492 1015 Stoicis,
1520 979 1649 1016 exponit.
1671 978 1775 1018 (conf.

265 1037 301 1067 cle
324 1037 391 1066 Fin.
413 1036 463 1066 ΠΙ.
487 1037 556 1074 18.)
1306 1060 1308 1062 ,

305 1088 439 1124 Denique
452 1088 508 1125 jam
533 1095 668 1124 apparere
691 1092 826 1123 putamus
848 1095 882 1115 ex
904 1084 1081 1122 disputatis,
1107 1082 1270 1111 Ciceronem
1292 1081 1322 1112 in
1347 1082 1400 1111 hae
1427 1081 1615 1118 quaestione,
1647 1089 1721 1118 quae
1738 1088 1784 1112 est

266 1140 301 1175 de
330 1139 429 1168 divino
462 1139 603 1174 numine,
632 1145 659 1167 et
685 1138 834 1166 Platonem
860 1143 888 1165 et
914 1137 1024 1166 Stoicos·
1048 1134 1140 1164 fuisse
1165 1134 1431 1170 secutun1‚,quod
1461 1139 1600 1163 accurate.
1617 1133 1780 1169 legentibus

266 1191 348 1219 locos
372 1190 512 1219 adductos
535 1189 674 1226 liquebit,
703 1188 868 1226 praesertim
884 1196 917 1217 ex
940 1195 1024 1224 opere
1044 1186 1078 1215 de
1100 1185 1225 1223 Legibus
1251 1191 1278 1214 et
1300 1185 1380 1214 Tusc.
1408 1184 1534 1222 Quam.
1565 1184 1595 1212 in
1619 1183 1726 1220 quibus
1749 1192 1783 1213 ex

267 1249 319 1270 sua
338 1241 400 1276 ipse
414 1249 536 1276 persona
560 1240 707 1276 loquitur:
735 1246 765 1268 et
787 1239 892 1268 fatetur
917 1238 999 1275 ipse,
1021 1237 1079 1274 (de
1102 1237 1143 1266 N.
1162 1236 1273 1270 D.>1[1.
1290 1235 1369 1273 fin.)
1392 1236 1514 1271 Vellzjx',
1537 1234 1641 1270 Balbi,
1663 1234 1783 1271 Cottae,

266 1291 512 1328 disputationibus
535 1291 569 1320 de
593 1291 659 1320 Diis
684 1291 824 1327 peractis,
845 1289 922 1324 sibi,
947 1296 980 1317 ut
999 1287 1194 1322 Academico,
1224 1307 1243 1322 „
1259 1286 1361 1322 Balbi,
1384 1286 1518 1323 (Stoici)
1539 1285 1783 1322 disputationem,

271 1363 292 1379 ‚‚
311 1343 347 1371 ad
375 1342 502 1371 veritatis
533 1341 750 1370 similitudinem
778 1341 868 1370 videri
895 1348 956 1368 esse
986 1337 1240 1375 propensiorem.-'’
1287 1338 1331 1366 De
1362 1345 1419 1372 qua
1441 1345 1470 1365 re
1504 1336 1553 1372 qui
1587 1337 1670 1372 plura
1694 1337 1781 1372 velit,

269 1393 357 1423 altius
381 1393 530 1429 indagata,
559 1393 638 1421 adeat
662 1392 801 1429 egregiam
824 1391 1051 1420 dissertationem
1077 1389 1250 1423 Schmun,
1278 1388 1312 1417 de
1335 1387 1442 1415 Philos.
1465 1388 1522 1416 Cic.
1553 1387 1634 1422 loco,
1661 1389 1714 1426 qui
1742 1393 1783 1420 ese

269 1444 305 1472 de
325 1443 438 1482 Divino
462 1443 607 1479 Natura3
631 1443 660 1472 in
679 1451 755 1480 qua,
778 1451 850 1479 quae
873 1441 1018 1476 diximus,
1038 1440 1100 1468 suis
1122 1439 1236 1476 singula
1257 1438 1431 1475 argumentis
1450 1437 1551 1466 fulcita
1565 1437 1705 1467 inveniet.

310 1494 366 1522 His
392 1494 482 1530 igitur
505 1494 534 1522 in
559 1500 683 1530 quatuor
703 1502 803 1530 genera
825 1492 961 1529 dispersis
981 1497 1097 1521 naturae
1119 1490 1229 1526 initiis,
1251 1489 1409 1519 seminibus
1436 1496 1485 1518 aut
1506 1489 1669 1525 elementis,
1691 1495 1785 1524 totum

271 1545 431 1588 aedificium
458 1546 564 1574 morale
595 1545 693 1574 Cicero
727 1544 874 1573 exstruit:
907 1543 946 1572 ita
971 1548 1003 1571 ut
1032 1542 1143 1571 nullum
1168 1541 1332 1570 incumbere
1359 1540 1470 1570 homini
1498 1540 1623 1569 officium
1647 1546 1783 1577 censeat,

271 1597 349 1632 quod
380 1597 415 1625 ad
439 1604 527 1625 unum
559 1605 593 1626 cx
620 1596 666 1624 his
699 1602 823 1632 quatuor
853 1594 985 1623 fontibus
1013 1601 1074 1622 non
1104 1594 1255 1622 commode
1288 1591 1450 1628 referatur,
1480 1591 1602 1627 indeque
1628 1591 1782 1627 derivetur.

270 1649 369 1683 Atque
396 1655 490 1676 revera
519 1647 599 1677 nulla
619 1647 769 1676 hominum
801 1645 951 1680 conditio,
977 1651 1071 1674 status
1098 1649 1147 1673 aut
1176 1644 1247 1672 ordo
1279 1642 1434 1680 excogitari
1458 1649 1571 1679 potest,
1592 1642 1640 1670 cui
1662 1642 1725 1675 alia,
1742 1642 1784 1671 in-

272 1705 350 1740 stent
374 1697 484 1734 ossicia,
506 1706 590 1735 quam
616 1698 724 1733 quibus
748 1696 958 1734 cognoscendis
982 1704 1015 1724 ex
1039 1694 1208 1725 constitutis
1231 1692 1385 1731 principiis
1409 1693 1491 1722 detur
1512 1694 1606 1722 locus.

307 1750 350 1777 Ut
374 1757 440 1779 vero
462 1749 509 1778 illa
529 1758 564 1778 ex
587 1749 720 1778 Cicerone
745 1748 876 1785 exposita
903 1747 1044 1784 principia
1073 1746 1205 1775 universe
1234 1745 1445 1783 dijudicemus,
1473 1744 1577 1780 nobis,
1605 1744 1630 1773 si
1653 1743 1785 1773 Ciceroni

271 1801 479 1835 assentiamur,
500 1801 535 1829 dc
552 1800 634 1829 fonte
647 1806 675 1828 et
690 1801 776 1829 modo
798 1799 945 1829 hauriendi
959 1797 1094 1835 principii
1123 1797 1328 1834 Philosophiae
1354 1795 1472 1825 moralis
1501 1796 1557 1832 (de
1577 1803 1632 1831 qua
1655 1803 1683 1824 re
1707 1803 1785 1824 nunc

271 1859 329 1879 non
346 1851 534 1887 quaerendum
555 1860 618 1880 esse
634 1851 844 1888 putavimus),
870 1857 956 1886 atque
969 1848 1132 1886 cogitandi,
1153 1847 1366 1885 argumentandi
1383 1854 1410 1876 et
1433 1847 1588 1876 disserendi
1610 1848 1699 1883 legem
1721 1847 1782 1884 eJ‘us

270 1908 299 1930 ct
320 1902 457 1931 rationem
481 1909 642 1939 spectantes
667 1908 694 1931 et
717 1908 843 1932 tenentes
857 1920 868 1938 2
888 1901 922 1931 de
945 1900 1090 1931 Ciceronis
1113 1899 1252 1931 sententia
1276 1906 1311 1928 ex
1328 1898 1462 1928 Cicerone
1479 1898 1620 1936 judicium
1641 1897 1783 1931 feramus,

1746 1955 1790 1976 vi·
