1872 2396
641 93 1172 137 LEC'PIONtJM.
1548 108 1551 110 ·
1609 93 1651 127 ὥ

157 216 195 247 E.
227 217 264 247 A.
294 212 512 249 BORGER,
551 207 723 240 Historiam
762 202 974 237 universalem
1012 200 1177 243 antiquam
1209 196 1313 232 tradet
1349 197 1462 229 diebus
1498 198 1630 237 Lunae,

203 271 331 308 Martis,
354 267 510 301 Mercurii
535 272 565 297 et
594 266 699 302 Jovis,
731 264 808 295 hora
828 261 959 305 posthac
982 256 1214 291 constituenda.

269 326 440 358 Historiam
482 322 702 365 Philosophiae
733 320 898 361 antiquam
935 315 1105 361 explicabit
1130 313 1244 346 diebus
1269 313 1378 343 Lunae
1406 316 1437 341 et
1464 312 1634 350 Mercurii5

335 382 415 413 hora
438 380 462 411 I.

204 474 218 502 γ
271 442 377 471 Unam
414 437 552 480 singulis
584 433 841 467 hebdomadibus
872 434 984 465 horam
1011 429 1132 462 tribuet
1156 428 1241 460 Novi
1262 428 1455 458 Testamenti
1481 427 1639 470 interpre-

341 502 464 526 tationl.

164 555 192 586 J.
215 538 363 590 BA'KE‚
394 553 576 584 Literarum
606 551 799 581 Graecarum
826 546 982 578 elementa
1007 543 1124 582 tradet,
1145 552 1221 573 cum
1246 551 1360 585 prosae
1385 541 1560 581 orationis,
1588 541 1638 572 in-

211 610 421 654 terpretandis
444 607 658 651 Thucydideis
683 613 714 638 et
736 604 1002 648 Xenophonteis,
1024 614 1042 633 e
1063 600 1190 632 Selectis
1214 599 1447 630 Historicorum
1470 598 1515 629 Cl.
1537 609 1640 629 wvr-

211 678 467 704 TENBAcuu,
494 672 562 697 tum
591 661 958 705 Poeseos‘,’exponendo
981 659 1065 692 libro
1088 659 1129 692 N.
1156 657 1315 700 Odysseae
1338 656 1525 688 Homericae
1542 663 1573 687 et
1593 667 1642 687 se·

213 725 302 757 lectis
318 725 480 756 Theocriti
510 722 640 766 ldyllis,
665 722 742 753 hora
765 721 824 753 Ill.

278 783 434 814 Exercitia
465 780 678 812 Grammatica
706 785 737 809 et
761 776 892 808 metrica
928 777 1064 807 Graecae
1098 774 1242 816 Linguae
1273 772 1442 810 instituet,
1470 771 1642 813 conjuncta

345 850 419 870 cum
451 838 711 881 interpretatione
731 833 917 878 Sophoclis,
942 832 1055 864 iisdem
1083 830 1213 868 diebus,
1239 829 1317 860 hora
1334 830 1375 860 X.

276 898 403 929 Latinas
434 897 554 927 Literas
585 893 730 933 docebit,
757 889 998 934 interpretando
1028 899 1124 932 opere
1152 886 1363 919 Ciceroniano
1397 883 1436 916 de
1464 884 1644 916 Divinatio-

344 964 406 992 ne,
430 960 461 985 et
487 952 609 984 selectis
637 937 933 993 Horatii'Epistolis
959 946 1177 990 exponendis:
1211 952 1281 976 tum
1306 951 1337 976 et
1367 944 1479 975 Latine
1505 943 1646 975 scriben-

346 1011 380 1042 di
409 1011 567 1042 exercitiis
600 1006 831 1047 instituendis,
862 1005 975 1038 diebus
1000 1007 1127 1043 Lunae,
1151 1004 1281 1043 Martis,
1304 1001 1456 1033 Mercurii
1479 1007 1511 1032 et
1542 1001 1648 1041 Jovis,

345 1067 426 1097 hora
442 1067 591 1109 deinceps
612 1063 794 1095 indicanda.

586 1149 934 1188 FACULTAS
982 1146 1248 1184 MEDICA

174 1256 210 1288 N.
234 1256 270 1286 G.
293 1255 422 1286 OOST
433 1254 495 1284 ER
507 1254 626 1290 DYK,
660 1250 854 1283 Medicinam
875 1249 1046 1293 practicam
1068 1246 1213 1286 docebit,
1242 1247 1377 1291 ejusque
1402 1256 1497 1277 usum
1524 1246 1560 1276 in
1589 1245 1652 1277 No-

217 1313 360 1344 socomio
389 1311 578 1343 Academico
610 1308 861 1344 demonstrabit,
884 1308 963 1338 hora
981 1307 1022 1338 X.

176 1371 208 1401 S.
231 1371 256 1402 J.
281 1370 576 1415 BRUGMAN&
601 1368 770 1399 Chemiam
787 1377 822 1398 ac
842 1364 1059 1397 Pharmaciam
1079 1361 1223 1400 docebit,
1245 1359 1357 1392 diebus
1374 1361 1501 1398 Lunae,
1526 1358 1653 1397 Martis,

221 1428 373 1460 Mercurii
400 1433 431 1458 et
454 1426 561 1464 Jovis,
585 1425 665 1456 hora
681 1427 737 1457 XL

287 1485 453 1515 Bolanices
471 1482 679 1514 fundamenta
703 1481 817 1513 diebus
839 1483 948 1512 Lunae
973 1485 1004 1510 et
1025 1477 1197 1514 Mercurii,
1219 1476 1299 1507 hora
1320 1476 1343 1506 Ι.

187 1576 191 1585 Ι
236 1563 252 1579 .2
275 1541 471 1580 ‘Plantarum
492 1540 666 1576 Historiam
691 1538 789 1569 tradet
815 1548 916 1569 verno
940 1543 1096 1578 tempore,
1119 1533 1276 1565 matutina
1301 1533 1379 1564 hora
1397 1531 1467 1564 vu.

291 1598 463 1629 Historiam
489 1596 671 1628 Naturalem
690 1619 698 1633 ‚
721 1595 834 1626 diebus
855 1594 966 1625 Martis
989 1599 1021 1623 et
1046 1592 1146 1628 Jovis,
1173 1590 1292 1622 horat.

179 1657 224 1688 M.
249 1657 279 1686 S.
306 1666 355 1686 nu
379 1657 481 1692 PUI,
505 1654 693 1696 Chirurgiae
713 1652 930 1695 disciplinam,
953 1660 1028 1681 cum
1056 1648 1148 1691 praxi
1170 1647 1204 1677 in
1228 1646 1423 1677 Nosocomio
1452 1644 1659 1685 conjunctam

185 1727 192 1733 ¹
225 1717 364 1755 exponet
383 1711 496 1742 diebus
518 1713 644 1749 Lunae,
666 1710 796 1745 Martis,
820 1708 989 1745 Mercurii,
1010 1706 1096 1737 Jovis
1115 1712 1144 1735 et
1159 1705 1312 1741 Veneris,
1338 1701 1415 1734 hora
1430 1702 1499 1733 ΧΠ.

288 1769 398 1800 Artem
435 1768 658 1799 Obstetriciam
674 1791 685 1805 ,
724 1777 814 1805 cum,
834 1764 1019 1796 Theoretice
1035 1787 1043 1801 ‚
1081 1768 1151 1792 tum
1189 1761 1326 1792 Praetice
1344 1783 1353 1799 ,
1392 1758 1505 1790 iisdem
1546 1756 1660 1788 diebus

363 1825 443 1856 hora
466 1826 517 1858 lv.

295 1881 499 1913 'Anatomiam
527 1881 775 1923 Chirurgicam„
796 1891 869 1911 cum
894 1876 1142 1923 Operationibus
1172 1874 1394 1916 Chirurgicis‚
1423 1871 1560 1904 hiberno
1588 1877 1662 1902 tem.-

366 1948 464 1980 pore,
487 1938 601 1970 diebus
617 1941 744 1976 Lunae,
769 1938 896 1978 Martis,
921 1937 1008 1968 Jovis
1022 1941 1052 1965 et
1071 1933 1219 1971 Veneris,
1245 1931 1323 1963 hora
1340 1931 1375 1962 V.

991 1994 1015 2023 B
1039 1989 1058 2022 3
1622 1983 1662 2014 G.
