1913 2427
266 137 312 179 30*
494 130 1415 186 ·'‘'JJ{1⁴{.T·HORBECKE

268 255 288 270 ,‚
307 233 457 270 diligenter
478 236 539 272 eis,
561 244 633 272 quae
655 246 669 264 a
691 237 889 273 superioribus
911 242 1093 272 acceperant,
1122 237 1282 270 nubantur.
1319 241 1381 277 Jam
1405 243 1582 273 Polemonem
1613 245 1779 277 audiverant:

270 305 289 321 ,‚
308 284 422 314 assidue
444 286 523 316 Zeno
548 293 576 315 et
597 288 765 323 Arcesilas3
788 289 836 316 scd
859 288 957 323 Zeno,
979 296 1044 316 cum
1073 288 1236 318 Arcesilam
1266 292 1382 321 anteiret
1403 301 1508 329 aetate,
1534 297 1671 332 valdeque
1687 297 1780 326 subti-

271 357 289 371 ,‚
309 335 372 364 liter
394 337 558 374 dissereret,
579 346 605 366 et
623 345 756 374 peracute
773 346 951 374 moveretur,
974 339 1114 375 corrigere
1137 348 1257 370 conatus
1285 349 1328 371 est
1347 343 1538 380 disciplinam.
1570 346 1631 382 (ib.
1657 356 1687 377 c.
1708 349 1780 385 13.)

271 407 290 422 „
312 386 386 415 Cum
410 388 525 416 Zenone
547 397 615 417 vero
638 389 787 417 Arce-silas
812 390 867 418 sibi
894 398 976 418 omne
1006 397 1147 419 certamen
1174 392 1315 428 instituit,
1343 402 1402 423 non
1425 396 1576 431 pertinacia
1605 405 1654 425 aut
1681 398 1782 427 studio

270 457 288 473 ‚,
309 438 459 474 vincendi,
480 440 530 467 sed
549 447 643 468 earum
664 448 757 468 rerum
783 441 973 476 obscuritate,
996 449 1068 476 quae
1091 442 1126 469 ad
1148 442 1359 472 confessionem
1394 445 1584 481 ignorationis
1609 447 1781 476 adduxerant

270 507 289 522 ‚‚
309 488 475 523 Socratem,
495 497 522 516 et
549 489 638 518 veluti
651 497 775 520 amantes
798 492 964 527 Soet-atem,
985 491 1183 522 Democritum
1194 497 1212 530 ‚'
1228 495 1463 532 Anaxagoram,
1481 496 1698 535 Empedoclem,
1720 507 1782 527 om-

268 558 289 573 „
308 546 359 567 nes
383 547 452 574 pene
473 546 587 570 veteres.
628 540 728 578 Itaque
752 543 901 571 Arcesilas
929 544 1069 580 negabat,
1092 554 1153 573 esse
1176 546 1349 581 quidquam,
1373 547 1451 582 quod
1468 547 1534 576 sciri
1552 549 1665 584 possit,
1686 557 1721 577 ne
1744 549 1782 577 il-

269 611 288 627 „
308 592 357 620 lud
387 592 499 627 quidem
530 593 645 630 ipsum,
675 597 753 631 quod
785 598 918 625 Socrates
949 597 1005 625 sibi
1032 597 1205 631 reliquisset.
1253 596 1305 624 Ille
1333 597 1408 626 enim
1439 598 1497 634 (cle
1527 598 1611 628 Orat.
1633 599 1687 628 111.
1710 601 1782 637 18.)

265 661 285 679 υ
305 642 428 677 primum
451 651 484 672 ex
508 645 593 674 variis
615 646 747 675 Platonis
770 647 870 682 libris,
897 644 1140 684 sermonibusque·
1161 646 1336 684 Socraticis,
1366 649 1422 677 hoc
1446 650 1564 678 maxime
1580 649 1716 686 arripuit,
1738 649 1783 677 ni-

268 713 287 728 „
309 693 349 721 hil
369 703 430 723 csse
451 696 541 731 certi,
563 698 642 732 quod
662 705 711 726 aut
737 707 824 727 sensu
844 706 894 727 aut
912 699 1005 728 animo
1030 699 1138 735 percipi
1159 700 1287 735 posset3'
1305 709 1387 734 quem
1411 699 1505 729 serunt
1525 701 1628 729 eximio
1653 701 1778 736 quodam

275 765 294 780 ,‚
317 753 399 773 usum
423 747 519 782 lepore
542 748 672 783 dicendi,
695 756 872 785 aspernatum
899 760 960 779 esse
985 760 1068 779 omne
1099 753 1185 780 animi
1214 761 1373 788 sensusque
1400 754 1540 790 judicium
1558 775 1568 788 ‚
1600 753 1785 789 primumque

267 817 287 833 ‚.,
307 798 487 834 instituisse,
512 809 681 836 quamquam
695 801 723 830 id
736 801 791 831 fuit
809 804 987 833 Socraticam
1003 805 1122 833 maxime
1144 803 1246 840 (conf.
1270 803 1303 831 dc
1320 804 1413 833 Finib.
1435 804 1473 832 II.
1497 806 1548 841 1.)
1563 826 1573 840 ,
1599 813 1675 840 non,
1700 804 1780 840 quod

266 869 286 884 ‚,
306 849 367 885 ipse
392 851 529 886 sentiret,
551 853 718 888 ostendere,
744 855 794 882 sed
818 861 917 884 contra
938 857 982 891 id,
1008 857 1086 892 quod
1114 856 1237 891 quisque
1261 863 1290 883 se
1312 855 1415 884 sentire
1432 855 1571 891 dixisset,
1593 853 1781 892 disputare.”

263 900 381 937 (Aeaci.
403 900 445 938 Q.
465 902 489 930 Ι.
515 911 547 938 13
568 904 582 940 )
625 924 642 939 ,‚
662 903 739 933 Huic
757 905 860 934 rationi
881 908 958 941 quod
979 914 1036 936 erat
1055 914 1295 940 consentaneum,
1317 905 1457 940 faciebat,
1479 913 1513 934 ut
1533 913 1631 935 contra
1649 906 1780 935 omnium

266 971 285 986 „
306 952 460 980 sententias
482 952 541 981 dies
561 955 618 990 jam
641 955 792 991 plerosque
813 957 978 993 deduceret,
1002 965 1050 993 ut,
1076 966 1140 986 cum
1169 958 1197 985 in
1216 957 1309 985 cadem
1330 965 1358 984 re
1383 957 1459 992 paria
1479 957 1629 986 contrariis
1647 957 1675 985 in
1692 957 1781 993 parti-

267 1021 285 1037 ‚‚
306 1002 361 1036 bus
385 1010 527 1032 momenta
557 1005 698 1042 rationum
730 1006 947 1044 invenirentur,
977 1009 1090 1037 facilius
1114 1008 1148 1036 ab
1173 1014 1291 1042 utraque
1316 1013 1395 1042 parte
1422 1007 1551 1036 assensio
1575 1008 1778 1037 sustineretur.

266 1074 284 1089 ,‚
304 1053 388 1082 Hanc
406 1053 584 1083 Academiam
606 1065 706 1085 novam
728 1050 892 1093 appeliant,
914 1068 985 1095 quae
1010 1059 1081 1088 mihi
1102 1065 1180 1089 vetus
1196 1058 1327 1093 videtur,
1347 1057 1486 1093 siquidem
1512 1058 1658 1088 Platonem
1683 1067 1715 1088 ex
1729 1059 1780 1088 illa

267 1124 286 1140 „
306 1112 401 1134 vetere
422 1115 625 1142 numeramus,
649 1108 743 1145 cujus
757 1108 786 1136 in
809 1109 890 1138 libris
914 1110 985 1139 nihil
1008 1111 1175 1145 affirmatur,
1205 1116 1232 1138 ct
1255 1109 1284 1138 in
1310 1116 1460 1145 utramque
1480 1115 1585 1145 partem
1611 1110 1700 1138 multa
1719 1110 1780 1138 dis-

266 1175 285 1191 „
307 1163 459 1193 seruntur,
481 1159 515 1186 de
538 1158 675 1187 omnibus
699 1159 862 1194 quaeritur,
884 1160 955 1189 nihil
977 1161 1046 1190 certi
1067 1161 1184 1190 dicitur.
1224 1161 1281 1189 Sed
1293 1166 1386 1189 tamen
1409 1160 1457 1190 illa
1476 1168 1574 1196 retas,
1606 1161 1675 1190 haec
1699 1169 1775 1191 nova

265 1226 283 1241 ‚,
303 1207 484 1243 nominetur,
517 1218 589 1244 quae
611 1218 703 1246 usque
727 1210 761 1249 ad
786 1210 964 1240 Carneadem
987 1213 1139 1254 perducta,
1169 1213 1219 1248 qui
1241 1220 1360 1248 quartus
1379 1213 1413 1241 ab
1436 1212 1568 1240 Arcesila
1585 1211 1662 1247 fuit,
1684 1212 1714 1240 in
1731 1219 1778 1240 ea·

266 1277 284 1291 „
306 1258 367 1285 dem
390 1258 541 1288 Arcesilae
563 1261 671 1290 ratione
695 1263 858 1297 permansit.
901 1263 1064 1292 Carneades
1085 1270 1198 1299 autem,
1224 1264 1333 1292 nullius
1358 1263 1562 1299 Philosophiae
1584 1263 1680 1299 partis¹
1697 1263 1777 1299 igna-

267 1327 284 1342 ,‚
307 1317 373 1344 rus,
403 1310 498 1339 divina
529 1313 647 1347 quadam
678 1311 734 1340 suit
764 1313 904 1341 celeritate
935 1314 1056 1350 ingenii,
1085 1315 1254 1350 dicendique
1276 1315 1360 1349 copia
1387 1314 1503 1350 (Acad.
1529 1315 1550 1342 l.
1577 1323 1604 1343 c.
1629 1314 1665 1342 ele·
1687 1313 1773 1345 Orat.

268 1378 286 1394 „
308 1360 360 1389 ΙΙΙ.
386 1363 477 1398 18.),
507 1362 666 1390 incredibili
688 1364 806 1398 quadam
828 1364 982 1400 facultate,
1010 1371 1037 1393 et
1059 1366 1168 1401 egregia
1189 1366 1308 1400 quadam
1329 1364 1527 1393 exercitatione
1552 1365 1580 1393 in
1603 1364 1776 1399 dialecticis,

266 1431 284 1445 ‚,
306 1420 471 1447 summaque
502 1413 664 1448 eloquentia
705 1414 763 1450 (de
790 1415 886 1444 Fiat'l).
920 1416 969 1444 ΙΙΙ.
1002 1417 1081 1452 12.).
1129 1416 1210 1444 Illius
1242 1416 1287 1443 vis
1318 1416 1497 1444 incredibilis
1531 1415 1579 1443 illa
1603 1415 1715 1443 dicendi
1739 1421 1769 1443 et

264 1481 283 1496 „
308 1463 427 1491 varietas
449 1471 583 1499 perquam
611 1470 686 1492 esset
711 1466 835 1500 optanda
859 1465 964 1501 nobis,
987 1467 1037 1501 qui
1062 1467 1170 1494 nullam
1193 1475 1328 1501 umquam
1352 1467 1381 1494 in
1406 1466 1463 1495 illis
1490 1466 1550 1494 suis
1570 1465 1775 1501 disputationi·

264 1533 282 1548 ,‚
303 1513 358 1541 bus
382 1522 438 1542 rem
460 1514 605 1550 defendit,
629 1524 711 1550 quam
729 1525 788 1545 non
813 1517 959 1553 probarit,
990 1518 1100 1545 nullam
1123 1517 1322 1554 oppugnavit,
1353 1525 1436 1552 quam
1465 1525 1523 1545 non
1552 1516 1695 1544 everterit.
1728 1516 1772 1545 Ita

263 1583 281 1598 ‚‚
302 1563 360 1600 (de
384 1564 460 1592 Nat.
488 1566 528 1594 D.
551 1565 575 1594 Ι.
599 1568 652 1604 5,)
682 1568 750 1596 haec
779 1568 806 1596 in
835 1568 1021 1603 Philosophia
1045 1568 1116 1596 ratio
1144 1575 1242 1596 contra
1270 1567 1366 1596 omnia
1395 1567 1578 1602 disserendi,
1608 1568 1774 1603 nullamque

261 1634 282 1648 ,‚
301 1623 357 1643 rem
373 1620 468 1651 aperte
483 1616 649 1653 judicandi,
676 1618 803 1653 prosecta
826 1628 841 1647 a
864 1620 1001 1654 Socrate,
1023 1619 1139 1656 repetita
1157 1619 1192 1647 ab
1208 1618 1364 1654 Arcesila,
1386 1618 1550 1647 confirmata
1566 1627 1581 1647 a
1602 1617 1770 1655 Carneade,

263 1686 281 1699 ‚,
301 1673 395 1702 usque
421 1667 455 1695 ad
480 1674 608 1696 nostram
633 1669 728 1705 viguit
751 1669 911 1698 aetatem.'’

299 1717 344 1745 Ex
365 1718 421 1746 hoc
445 1717 532 1754 igitur
554 1728 569 1747 a
591 1719 711 1748 Socrate
732 1720 796 1749 inde
822 1729 916 1757 usque
939 1721 974 1749 ad
1002 1721 1146 1750 Ciceronis
1175 1729 1303 1759 tempora
1331 1723 1465 1758 perducta
1492 1721 1698 1757 Philosophiae
1726 1721 1770 1749 hi-

261 1768 349 1798 storia
369 1776 464 1805 patet,
487 1770 612 1806 ignotam
636 1777 737 1799 nostro
758 1771 849 1800 fuisse
870 1772 1006 1809 Diogenis
1029 1773 1169 1809 Lae'rtii,
1197 1774 1376 1808 aliorumque
1400 1772 1564 1802 recentioris
1588 1772 1648 1800 aevi
1672 1778 1773 1800 aucto-

261 1827 344 1855 rum,
366 1819 576 1850 distinctionem
607 1822 791 1858 Academiae,
822 1823 851 1852 in
870 1829 1012 1858 vetet-cm,
1037 1824 1160 1852 mediam
1187 1831 1213 1852 et
1241 1833 1360 1859 novam,
1389 1830 1416 1852 et
1439 1824 1530 1851 multo
1555 1823 1644 1859 magis
1667 1823 1767 1857 illam,

261 1877 318 1903 qua
339 1869 539 1900 discernuntur
569 1873 732 1902 Academia
760 1881 840 1903 vetus
858 1895 868 1909 ,
897 1875 981 1911 cujus
1007 1874 1179 1910 Platonem,
1208 1876 1303 1904 media
1319 1896 1330 1909 ,
1359 1875 1442 1911 cujus
1477 1874 1665 1910 Arcesilam,
1694 1883 1767 1903 nova

261 1921 344 1956 cujus
369 1921 545 1951 Carneadem
569 1924 680 1952 faciunt
704 1925 901 1959 conditorem,
932 1932 1043 1964 quarta
1067 1927 1212 1962 denique,
1241 1926 1288 1954 cui
1317 1932 1460 1954 auctorem
1491 1924 1643 1961 adsignant·
1667 1924 1767 1953 Philo·

260 1979 342 2007 nem,
362 1978 389 2000 et
410 1974 532 2010 qoiata,
561 1982 645 2010 quain
668 1975 827 2005 condiderit
843 1976 1000 2005 Antiochus
1028 1977 1218 2013 Ascalonita,
1242 1977 1372 2005 Philonis
1397 1976 1569 2013 discipulus.
1597 1976 1657 2014 (V.
1683 1975 1766 2005 Sem.

1700 2024 1776 2053 Em-
