1913 2427
215 221 376 258 quilliorem
398 221 485 250 vitam
508 228 647 259 peragunt
670 222 792 258 plantae.
834 222 916 250 Cum
935 221 1014 250 enim
1034 223 1123 252 multa
1149 222 1299 252 continear
1321 223 1425 258 tellus,
1448 232 1520 259 quae
1548 226 1668 261 prodere
1691 225 1738 254 vi·-

215 274 334 304 deantur
357 273 479 309 speciem
502 273 701 308 crudelitatis,
729 278 762 300 ut
785 273 906 301 maxima
930 282 996 309 pars
1024 275 1185 303 animalium
1213 274 1241 302 in
1266 281 1343 304 tanta
1372 275 1535 304 diversitate
1562 276 1648 304 vitam
1673 285 1734 305 non

216 330 377 360 sustentet,
400 323 456 353 nisi
475 324 535 353 sive
554 323 602 360 vi,
625 324 686 352 sive
700 330 776 359 arte,
793 325 837 353 vel
852 324 940 359 dolo,
957 325 1010 353 alia
1028 332 1140 361 captet,
1163 332 1190 353 et
1209 327 1252 354 vel
1271 325 1399 362 integra,
1420 327 1466 355 vel
1489 327 1518 354 in
1538 326 1631 356 frusta
1655 328 1729 356 lace-

212 383 271 406 rata
289 377 424 412 devoret;
447 377 559 412 plantae
576 375 650 404 nihil
666 375 732 403 mali
747 375 887 405 mutantes
905 382 932 404 et
950 375 1056 405 vivunt
1078 377 1209 412 quietae,
1230 384 1324 412 neque
1344 376 1413 405 alias
1431 376 1578 406 infestant.
1612 377 1730 415 Quodsi

214 428 370 465 aliquando
385 427 507 461 accidit,
532 433 564 455 ut
577 426 728 456 alias-aliae
746 433 848 455 vexent
865 426 995 463 plantae,
1016 422 1089 464 quae
1105 417 1241 457 dicuntur
1257 427 1423 463 parasiticae
1434 448 1444 463 ,
1466 427 1646 457 absorbendo
1664 437 1731 458 suc-

209 488 262 509 cos
284 479 412 515 optimos
428 477 583 512 nutritios,
604 483 652 505 aut
667 477 737 506 aliae
756 477 900 506 radicibus
918 478 978 506 suis
990 499 1001 514 ,
1016 479 1230 508 secernentibus
1245 487 1335 507 acrem
1356 478 1501 507 humorem
1512 500 1521 514 ,
1539 479 1650 508 vicinas
1667 488 1729 510 ero-

209 531 278 560 dant
298 536 325 558 et
350 529 493 565 perdant,
513 535 607 558 tamen
629 529 688 558 hoc,
708 529 825 558 humani
856 529 933 566 fugit
957 530 1035 558 oculi
1067 530 1174 566 aciem,
1201 530 1275 559 illud
1303 535 1445 558 monstrat
1474 530 1615 567 insignem
1645 531 1727 561 illam

205 583 368 619 plantarum
395 579 578 610 fertilitatem.
617 579 669 609 Sin
686 587 778 609 autem
803 581 927 610 animum
947 582 982 610 ad
1003 582 1164 618 plantarum
1192 588 1368 611 momentum
1392 582 1539 617 attendat,
1560 582 1590 610 id
1605 583 1682 619 apud
1698 590 1729 612 se

206 639 319 662 tantum
345 631 470 667 valebit,
499 631 689 669 ut,nesciat„
707 632 800 661 sibine
822 633 979 670 majorem,
1008 642 1042 662 an
1068 633 1193 669 reliquae
1218 640 1333 662 naturae
1354 631 1558 667 oeconomiae,
1586 640 1730 669 praestent

204 676 376 714 utilitatem,
418 683 492 713 Nam
513 683 623 711 homini
648 682 782 719 praebent
808 690 837 712 et
866 684 975 720 optima
999 691 1030 715 *et
1058 684 1273 720 diversissima,
1303 684 1437 713 facillima
1471 690 1498 712 et
1528 684 1730 714 delicatisssma

205 735 358 769 alimenta,
380 741 408 762 et
429 740 518 770 potus
540 734 639 763 dulces
650 753 665 768 ,.
688 733 908 770 refrigerantes,
928 735 1146 771 calefacientem
1176 742 1207 763 ut
1230 736 1275 763 vel
1298 736 1411 771 plantae
1427 735 1504 770 sint,
1534 743 1605 771 quae
1628 737 1729 765 omne's

208 785 333 823 egregias
353 785 405 814 has
430 793 500 821 opes
528 785 702 821 conjunctas.
725 785 866 820 habeant,
896 786 994 820 quales
1017 786 1096 815 Indis
1119 786 1233 822 praebet
1259 795 1326 822 prae
1349 787 1465 815 caeteris
1488 786 1583 815 Palma
1609 778 1730 816 celebris

205 836 345 867 Mauritia
369 836 516 865 flexuosa:
539 843 595 864 nec?
615 842 726 867 tantum
749 843 924 872 praesentem
949 843 1121 867 conservant
1145 842 1173 865 et
1198 837 1386 866 corroborant
1410 837 1579 872 sanitatem,
1609 838 1659 866 sed
1687 838 1729 865 la-

210 886 380 917 befactatam
402 886 723 922 restituunt,reddunt
744 887 892 924 perditam.
931 888 1047 926 Quodsi
1066 888 1222 917 innumeris
1238 888 1332 917 modis
1354 888 1504 918 hominum
1526 888 1611 917 vitam
1630 887 1727 924 possit

206 938 360 974 depravare
380 939 471 967 multa
494 938 623 974 gravium
647 938 815 968 morborum
849 940 1050 975 dolorumque,
1062 940 1188 976 cohors,
1215 947 1387 969 concussam
1412 947 1480 968 vero
1505 939 1619 975 sedare,
1645 934 1730 968 reno*

205 995 272 1017 vare
297 988 416 1017 fractam
440 990 631 1024 tempestivus
655 989 746 1018 valeat
764 990 966 1026 vegetabilium
989 998 1082 1025 usus,
1110 991 1177 1020 inde
1200 996 1332 1026 apparet,
1355 997 1477 1026 quantas
1505 998 1575 1026 opes
1598 990 1726 1019 humano

203 1039 299 1077 generi
317 1039 433 1068 afferant
455 1040 581 1075 plantae.
611 1042 703 1069 Immo
720 1046 793 1070 artes
811 1040 909 1077 ipsas,
931 1047 1138 1077 mercaturam,
1150 1040 1335 1077 reipublicae
1354 1041 1495 1075 salutem,
1517 1046 1544 1068 et
1561 1041 1634 1069 alere
1649 1049 1728 1078 mag·

203 1098 329 1127 mopere„
351 1098 378 1119 et
401 1089 517 1118 fortiter
539 1097 698 1120 sustentare
719 1091 871 1128 videntur-..3
894 1100 958 1121 nam
981 1093 1027 1120 vel
1050 1092 1124 1121 bella
1147 1092 1243 1129 gravia
1266 1091 1336 1120 satis
1357 1097 1492 1127 suscepta
1514 1091 1667 1128 dicuntur,
1691 1092 1728 1121 de

205 1142 361 1170 retinendis
388 1141 430 1170 vel
455 1141 632 1178 occupandis
653 1142 796 1179 ejusmodi
814 1143 999 1180 regionibus,
1022 1151 1094 1179 quae
1111 1143 1224 1179 plantas
1236 1163 1246 1177 ,
1272 1141 1379 1177 quihus
1396 1143 1465 1170 tales
1482 1142 1557 1171 vires
1576 1142 1723 1179 inessent,

205 1193 319 1221 alerent.
342 1208 380 1214 --
400 1193 493 1228 Atqui
518 1193 574 1222 hoc
590 1202 697 1223 munus
714 1193 819 1229 plantis
841 1194 1010 1230 impositum
1027 1201 1144 1230 est,‚ut
1161 1202 1206 1223 eas
1232 1193 1360 1222 materies
1385 1186 1587 1229 absorberent,
1609 1201 1682 1230 quae
1697 1200 1728 1235 et

206 1242 378 1278 hominum,
400 1242 634 1280 reliquorumque
653 1244 818 1273 animalium
841 1245 937 1280 vires,
960 1245 1166 1281 pessundarent
1186 1251 1213 1273 et
1230 1235 1330 1272 misere
1345 1244 1632 1280 perderent‚‘earum
1656 1253 1727 1275 vero

202 1293 295 1331 largas
319 1294 477 1324 emitterent
497 1303 566 1330 opes
577 1315 587 1330 ,
614 1303 684 1330 quas
701 1303 865 1332 appeterent
879 1296 1010 1325 animalia
1026 1303 1110 1332 atque
1125 1296 1357 1324 corroborarent:
1381 1290 1452 1330 quin
1467 1289 1595 1324 votuisse
1611 1284 1727 1337 videtur

203 1344 330 1374 Naturae
350 1345 478 1380 Auctor,
500 1346 612 1381 plantae
636 1354 837 1382 praepararent
859 1355 907 1382 ea,
929 1355 1007 1383 quae*
1022 1347 1121 1376 deinde
1141 1348 1289 1375 animalem
1314 1345 1499 1374 efformarent*
1516 1341 1725 1383 organ'ismuml

204 1396 372 1425 Absorbcnt
394 1396 468 1424 enim
493 1396 622 1425 fossilem
645 1397 817 1433 materiam„
837 1407 954 1434 canique
979 1399 1070 1426 multo
1093 1398 1189 1425 labore
1209 1397 1238 1425 in
1259 1397 1419 1433 organicam
1443 1403 1621 1433 permutant,
1650 1398 1727 1427 uude

205 1446 274 1474 haec
298 1446 469 1483 adipiscitur
484 1447 702 1483 aptitudinem,.
716 1457 787 1484 quae
807 1455 933 1479 vertatur
948 1449 977 1477 in
995 1449 1141 1477 animalem
1160 1447 1314 1481 fabricam,
1338 1455 1388 1482 ut,
1412 1448 1507 1483 plures
1529 1457 1613 1483 passa
1634 1456 1728 1478 muta⁶

210 1496 305 1526 tiones
317 1518 327 1529 ..
348 1498 458 1526 tandem
479 1498 559 1526 abeat
579 1498 609 1527 in
632 1500 793 1528 musculum
810 1500 862 1529 vel
877 1508 995 1529 nervum
1018 1500 1177 1530 animalem.
1215 1499 1374 1536 Qriidquod
1394 1498 1437 1526 vel
1456 1505 1486 1526 ut
1503 1505 1568 1535 apta
1587 1499 1624 1528 sit
1638 1501 1732 1530 tellus>

204 1548 240 1576 ad
264 1548 447 1577 habitandum
469 1548 657 1585 animalibus,
680 1550 787 1587 plantis
810 1551 948 1588 debetur3
979 1552 1050 1586 liae,
1071 1558 1103 1580 ut
1126 1551 1232 1587 primae
1250 1549 1384 1577 videntur
1401 1549 1492 1578 fnisse
1511 1550 1620 1579 telluris
1642 1549 1726 1580 iue'oi

203 1599 265 1634 lae,
288 1598 328 1627 i‘a
348 1608 471 1636 pergunt
494 1601 584 1629 nudas
610 1609 715 1638 rupes,
738 1601 834 1630 foedas
858 1603 996 1639 paludes,
1018 1604 1125 1631 deserta
1150 1601 1276 1635 sterilia,
1307 1600 1378 1635 quin
1404 1599 1532 1629 funestas
1558 1600 1727 1638 ignivomo-⁷

204 1657 267 1678 rum
290 1649 436 1678 Montium
462 1651 636 1689 ejectiones,
655 1659 818 1680 convertere
842 1661 900 1681 non
924 1659 1034 1683 tantum
1060 1654 1088 1682 in
1112 1661 1206 1689 aptam
1233 1658 1260 1680 et
1289 1657 1378 1679 tutam
1411 1651 1580 1680 animalibus
1607 1653 1724 1689 sedem,

205 1708 303 1729 verum
319 1701 347 1730 in
362 1702 581 1732 amoenissimos
596 1702 760 1731 animalium
777 1703 920 1740 principi*⁹
938 1704 1064 1739 homini,
1086 1711 1113 1732 et
1130 1702 1379 1732 fructuosissimos
1394 1710 1523 1738 campos.
1556 1703 1637 1740 Quae
1653 1712 1719 1733 cum

204 1749 244 1779 ita
266 1752 344 1787 sint,
365 1753 464 1790 digna·
483 1761 551 1784 sunt
571 1755 623 1782 hae
647 1754 773 1783 Telluris
800 1754 930 1790 incolae,
958 1764 1076 1791 quarum
1101 1761 1245 1783 structura
1268 1759 1295 1781 et
1321 1751 1412 1781 forma
1436 1754 1523 1788 paulo
1548 1753 1721 1792 diligentius

205 1800 398 1841 indagentur,
419 1811 506 1843 atque
527 1806 627 1836 harum
648 1812 833 1843 utrarumque
853 1812 968 1837 eruatur
987 1807 1077 1844 ratio,
1100 1805 1295 1843 exemplisque
1317 1804 1490 1834 illustretur.

1497 2009 1720 2043 RESPONSIO
