1913 2427
217 149 242 187 6
607 145 966 182 JACOBI
1057 146 1370 180 LANDT

257 240 370 270 Noscet
395 247 463 276 ergo
487 236 642 272 Medicus,
667 235 800 265 morbum
827 235 925 263 adesse
952 233 982 262 in
1012 233 1147 269 homine,
1176 233 1222 269 si,
1249 233 1462 270 comparatione
1486 233 1618 263 instituta
1644 233 1743 272 signo⁴

217 301 302 328 rum,
324 300 396 328 quae
417 290 446 319 in
473 298 556 326 aegro
586 289 739 323 observat,
767 295 831 315 cum
854 286 934 321 illis,
965 295 1037 322 quae
1062 286 1089 314 in
1113 285 1228 314 homine
1253 293 1322 314 sano
1355 293 1384 314 se
1404 286 1553 322 produnt,
1583 287 1741 324 intelligat,

219 344 330 380 aliquid
346 342 473 372 obtinere
489 341 517 369 in
539 349 621 377 aegro
637 340 754 374 locum,
781 338 861 374 quod
881 345 940 366 non
956 343 1000 366 est
1024 338 1178 366 secundum
1203 344 1353 372 naturam,
1377 337 1415 365 ita
1438 337 1512 366 enim
1534 343 1562 366 et
1584 345 1659 367 recte
1684 339 1745 368 Ga-

221 416 240 432 „
261 396 357 424 lenus:
386 401 524 429 quantum
553 391 670 420 morbus
694 400 709 420 a
739 397 816 419 statu
841 388 964 419 naturali
987 389 1111 425 recedat,
1137 389 1161 417 is
1183 389 1265 418 solus
1289 389 1391 425 novit,
1413 389 1463 425 qui
1489 391 1645 419 naturalem
1666 382 1746 420 habi-

222 467 241 483 ,‚
262 453 322 475 tum
344 446 379 474 ad
399 445 536 473 amussim
560 443 684 472 tenuerit
704 442 809 481 (6).”

256 498 333 527 Cum
363 504 455 525 autem
491 502 584 524 status
618 495 773 523 morbosus
803 503 862 523 non
889 501 1000 530 semper
1025 493 1097 521 idem
1132 493 1188 528 sit,
1218 501 1318 521 verum
1348 500 1430 529 saepe
1455 493 1606 529 diversus3
1634 492 1745 522 diversa

218 556 304 580 erunt
325 549 406 586 signa
435 547 630 576 conditionem
660 546 825 576 morbosam
859 545 1035 581 indicantia,
1064 552 1090 574 et
1111 553 1146 573 ex
1166 545 1270 573 horum
1293 544 1457 574 diversitate
1479 546 1513 574 de
1536 545 1647 574 diversa
1671 553 1746 574 mor-

221 601 252 631 bi
273 601 369 631 indole
391 600 552 629 constabit:
576 599 605 628 id
625 606 687 635 est,
715 598 929 635 comparatione
955 597 1086 626 instituta
1109 596 1259 633 signorum
1290 602 1382 624 status
1408 595 1537 625 morbosi
1568 596 1745 633 praesentis,

222 662 289 683 cum
320 653 412 690 signis
438 658 531 681 status
554 651 682 680 morbosi
704 651 799 686 allus,
828 650 977 687 dignoscet
1001 649 1154 683 Medicus,
1183 656 1251 676 num
1278 648 1333 676 hoc
1358 648 1403 676 vel
1428 647 1485 676 alio
1510 647 1612 676 morbo
1639 647 1748 676 laboret

219 713 321 742 aeger3
352 705 434 739 sique
455 703 511 739 ipsi
537 703 652 739 cognita
673 702 711 730 sit
738 702 859 730 historia
888 703 974 739 hujus
1004 701 1121 735 morbi,
1150 701 1319 736 diversaque
1349 700 1453 736 signa,
1480 700 1624 728 diversum
1656 698 1750 728 morbi

221 758 360 794 gradum,
382 754 524 789 stadium,
546 761 618 782 caet.
643 753 808 782 denotantia
822 774 831 788 ⁷
853 754 959 789 poterit
982 754 1049 782 haec
1068 753 1253 781 determinare
1275 751 1305 780 in
1330 757 1478 787 praesente
1499 760 1580 780 casu.
1623 751 1753 787 niagno·

223 808 266 837 sis
291 808 357 836 haec
378 805 529 835 nonnullis
554 806 583 834 in
605 804 721 833 casibus
742 803 855 832 facilior
878 811 940 840 est,
967 805 998 834 in
1024 805 1086 833 aliis
1112 803 1271 839 difficili0r3
1302 810 1371 832 sunt
1398 803 1471 832 enim
1509 803 1624 839 quidam
1656 800 1750 830 morbi

223 859 275 896 qui
307 859 389 895 signa
412 857 545 886 exhibent
573 857 646 893 ipsis
675 856 713 885 ita
737 856 870 893 propria,
904 863 935 884 ut
958 856 1030 885 nulli
1057 855 1104 884 alii
1127 855 1319 890 conveniant,
1351 863 1482 891 quaeque
1509 855 1618 883 idcirco
1648 854 1750 882 dicun-

224 916 273 940 ιλιι·
292 913 376 949 signa
401 918 452 938 seu
477 915 666 947 symptomata
691 908 971 945 Pathognomonicffl·
993 907 1040 936 alii
1062 914 1182 941 contra,
1205 907 1265 935 sive
1291 907 1390 944 potior
1406 906 1572 935 morborum
1599 913 1751 940 numerus,

224 962 317 998 signis
349 962 428 990 hisce
455 967 555 997 caret,
584 967 610 988 et
639 968 673 989 ex
703 969 850 989 concursu
881 966 991 988 tantum
1027 965 1259 995 symptomatum
1291 958 1498 995 cognoscitur3
1530 966 1653 993 quorum
1682 961 1750 985 sane

225 1012 373 1050 diagnosis
393 1012 556 1047 difficilior,
585 1012 730 1048 imprimis
759 1020 824 1040 cum
852 1018 880 1040 et
913 1018 1122 1047 nonnunquam
1154 1013 1209 1039 alia
1233 1010 1313 1039 hisce
1342 1019 1373 1039 se
1400 1010 1553 1039 inmisceut
1574 1014 1751 1045 symptoma-

227 1069 274 1100 ta,
296 1065 331 1092 ad
350 1071 478 1092 naturam
501 1063 593 1092 morbi
617 1072 676 1092 non
699 1062 877 1100 pertinentia.

267 1115 375 1144 Medici
394 1122 488 1144 autem
508 1115 633 1144 officium
659 1123 726 1144 cum
752 1115 807 1151 sit,
835 1115 925 1143 robur
948 1120 975 1143 et
998 1115 1147 1144 sanitatem
1163 1114 1296 1151 corporis
1313 1113 1403 1149 tueri,
1431 1119 1459 1142 et
1478 1112 1674 1141 labefactatam
1695 1118 1755 1139 res-

228 1167 351 1204 tituere3
376 1167 404 1196 id
427 1175 488 1203 est,
509 1167 596 1196 vitam
615 1176 806 1203 conservare,
829 1168 996 1196 morborum
1017 1176 1118 1196 causas
1139 1169 1244 1196 inertes
1262 1166 1394 1201 reddere,
1423 1171 1451 1194 et
1479 1165 1611 1193 morbum
1634 1164 1756 1201 ejusque

229 1218 348 1247 effectus
369 1220 491 1254 tollere,
518 1220 561 1248 vel
584 1221 682 1250 saltem
706 1219 810 1256 lenire3
836 1220 908 1248 scire
928 1228 990 1248 eum
1017 1226 1148 1256 oportet:
1181 1218 1222 1248 10.
1245 1219 1402 1257 Quomodo
1426 1218 1457 1247 in
1472 1218 1588 1247 homine
1604 1224 1674 1244 sano
1696 1223 1757 1244 om-

231 1271 279 1300 nia
300 1279 490 1309 peragantur,
522 1273 667 1308 quibusve
696 1273 788 1310 signis
812 1281 842 1301 se
866 1272 996 1301 offerant.
1047 1271 1088 1301 20.
1111 1271 1296 1309 Quibusnam
1325 1270 1424 1299 mediis
1447 1270 1514 1298 haec
1536 1269 1565 1297 in
1587 1273 1663 1296 statu
1683 1274 1755 1296 sano

230 1323 394 1351 conservari
420 1330 525 1358 queant
545 1324 626 1360 (7).
669 1324 713 1360 30.
735 1324 885 1361 Quaenam
909 1324 1054 1359 potentiae
1077 1324 1154 1358 sint,
1184 1332 1257 1358 quae
1282 1322 1374 1358 ipsam
1408 1323 1483 1350 iliam
1512 1321 1660 1349 sanitatem
1689 1327 1757 1355 pos-

232 1373 292 1402 sint
316 1373 501 1410 labefactare;
525 1381 551 1402 ct
575 1375 685 1409 qualo-m
708 1374 839 1403 effectum
866 1374 994 1403 diversae
1015 1375 1067 1402 hae
1092 1373 1234 1410 potentiae
1255 1373 1283 1402 in
1304 1382 1411 1410 corpus
1436 1374 1592 1400 humanum
1618 1376 1759 1400 exserant.

232 1425 312 1454 Sciat
338 1426 448 1453 tandem
471 1425 513 1460 40.
536 1427 684 1461 quomodo
706 1426 825 1454 effectus
852 1426 905 1453 hos
931 1424 1084 1452 morbosos
1116 1425 1226 1459 levare,
1257 1422 1407 1451 sanitatem
1433 1421 1630 1449 labefactatam
1663 1419 1693 1448 in
1715 1420 1759 1449 in-

232 1487 345 1518 tegrum
373 1481 540 1515 restituere,
562 1488 589 1510 et
613 1481 787 1517 quibusnam
811 1481 911 1509 mediis
937 1480 1014 1507 hunc
1037 1477 1175 1513 attingere
1197 1475 1291 1511 possit
1312 1482 1446 1510 scopum.

274 1532 411 1561 Omnium
434 1532 536 1560 horum
561 1533 585 1561 si
612 1532 800 1562 universalem
824 1532 878 1561 sibi
906 1529 1113 1567 comparaverit
1137 1528 1291 1562 notitiam,
1319 1534 1417 1561 magna
1442 1530 1536 1559 certe,
1559 1523 1616 1557 imo
1637 1521 1759 1551 maxima

234 1591 336 1611 eorum
362 1591 439 1618 parte
462 1584 625 1613 iiistrrctus
645 1585 717 1619 erit,
748 1593 820 1620 quae
843 1585 877 1613 ad
904 1584 1069 1612 tractandos
1093 1588 1194 1615 aegros
1219 1579 1381 1615 pertinent3
1411 1577 1484 1606 hanc
1515 1575 1588 1605 enim
1612 1574 1637 1604 si
1659 1574 1759 1611 singu-

235 1634 346 1664 laribus
364 1637 563 1663 accommodet
577 1636 712 1671 casibus,
735 1636 829 1664 officio
849 1645 903 1665 suo
924 1636 975 1664 rite
1000 1635 1148 1672 fungetur.

277 1687 425 1716 Accedens
447 1695 514 1724 ergo
536 1688 570 1723 acl
588 1696 703 1724 aegrum
723 1688 877 1724 Medicus,
899 1687 972 1717 sciat
989 1693 1106 1715 necesse
1128 1690 1171 1713 est
1194 1682 1342 1720 sequentia
1362 1682 1444 1719 (8):

1716 1727 1757 1757 1⁰.

265 1838 317 1866 (ἦ)
333 1838 384 1861 vic.
401 1841 502 1866 culmus,
518 1842 540 1861 de
556 1841 610 1862 Am
625 1843 763 1868 Madiama,
780 1844 835 1868 Cap.
850 1847 885 1868 γε.
904 1848 952 1869 pag.
966 1841 1001 1866 67.
1018 1843 1044 1863 Λ.
1077 1842 1175 1868 operum
1189 1839 1255 1861 Tom-
1271 1837 1314 1858 Hi·

271 1879 325 1906 (7)
342 1879 418 1900 Meuia
430 1882 500 1907 lucc,
513 1888 534 1902 et
549 1884 648 1909 regulas,
666 1885 788 1905 secundum
811 1891 865 1911 quas
882 1883 926 1905 illis
942 1889 992 1904 eum
1008 1883 1042 1904 mi
1060 1888 1169 1910 oportet,
1185 1887 1208 1903 ut
1222 1880 1268 1901 vlrn
1285 1883 1307 1900 et
1326 1876 1407 1899 sanius
1420 1881 1484 1903 quum
1497 1872 1622 1896 diutissime
1635 1871 1763 1894 incolumes

241 1920 331 1943 servari
343 1920 447 1947 pos-int,
465 1922 579 1941 Diasmna
594 1925 668 1946 docet,
701 1926 752 1948 vm,
768 1926 832 1946 Ganh.
848 1926 862 1947 l.
875 1926 890 1947 ι,
908 1925 919 1953 ς
937 1929 969 1950 ¹⁵-
987 1925 1026 1946 111,
1042 1931 1062 1950 p.
1077 1924 1098 1945 6,

271 1961 324 1989 (8)
344 1962 386 1983 l'id
408 1965 429 1984 s,
443 1964 466 1983 T.
481 1963 504 1983 de
517 1964 594 1989 meza,
610 1964 707 1984 Dranihe
720 1964 727 1984 l
739 1979 745 1989 ,
761 1963 783 1983 dc
797 1966 869 1988 ouem
883 1968 962 1983 tunm·
975 1967 1066 1989 cti-1¹10,
1081 1967 1092 1987 ς
1105 1972 1129 1990 ,μ
1147 1970 1169 1985 e:
1181 1969 1230 1990 sqq.
1263 1962 1368 1984 calmae.
1389 1958 1413 1979 da
1436 1956 1611 1978 Aruernorum
1629 1955 1657 1973 ad
1675 1954 1761 1975 Gla-t·-

242 2010 303 2030 sau,
320 2004 344 2025 t..
358 2004 376 2025 1.
393 2004 448 2030 Capi
464 2009 482 2025 ι.
500 2010 550 2031 pag.
565 2011 592 2033 94
605 2005 633 2027 D.
663 2005 732 2028 Cous.
747 2007 864 2027 Swiaemim
877 2004 906 2026 ad
917 2005 1061 2033 apium-un
1074 2005 1194 2030 Ιὶιηὶισγίί,
1213 2008 1238 2029 ¹3
1252 2008 1315 2028 seqq.
1343 2000 1479 2023 commutat.
1498 1999 1565 2020 Tem.
1578 1997 1595 2019 1.
1611 2001 1662 2024 mg·
1679 1999 1713 2022 ι5·
