1872 2396
188 103 233 138 14
703 90 1124 132 sttui-Es

180 199 220 228 G.
244 194 546 235 SANDIFORT,
572 192 771 235 Anatomiam
787 190 935 235 docebit,
960 189 1072 222 diebus
1097 192 1222 230 Lunae,
1244 191 1371 238 Martis,
1397 194 1569 232 Mercurii,
1592 196 1649 227 Jo-

223 252 271 284 vis
300 257 332 282 et
353 251 502 288 Veneris,
525 249 602 280 hora
620 250 673 280 lx.
1564 239 1569 243 ⁵
1632 237 1659 243 ω

288 307 539 350 Physiologiam,
563 305 672 337 iisdem
694 306 806 337 diebus
819 329 829 344 ,
853 305 931 336 hora
948 307 988 338 X⁴

288 363 477 396 Methodum
501 362 627 394 secandi
647 363 804 394 Cadavera
828 362 964 394 hiberno
992 369 1134 405 tempore
1158 372 1216 404 per
1241 361 1321 393 duas
1343 361 1449 407 horas.

180 425 205 455 3.
228 424 262 455 C.
286 423 316 452 K
329 421 514 459 RAUSS,
535 420 699 451 Materiem
716 420 872 451 Medicam
889 419 1056 459 tractabit,
1080 418 1193 451 diebus
1211 419 1343 457 Martis,
1367 418 1535 458 Mercurii,
1557 420 1644 451 Jovis

223 485 253 511 et
280 479 432 515 Veneris,
454 477 533 507 hora
554 476 644 509 VIII.
1612 475 1619 493 ’

290 536 338 565 De
365 532 487 565 Morbis
519 535 622 565 aculis
647 540 717 576 aget
746 544 820 565 cum
848 533 997 565 exercitio
1024 532 1059 563 in
1086 533 1279 564 Nosocomio
1299 531 1511 571 Academico,
1533 532 1657 565 diebus

345 592 470 628 Lunae,
492 592 620 627 Martis,
643 591 806 629 Mercurii,
827 590 931 628 Jovis,
963 589 1093 620 teneris
1115 596 1146 620 et
1167 590 1312 628 Saturni,
1335 589 1414 621 hora
1431 589 1488 622 xl.

287 646 483 679 Medicinam
501 647 658 678 forensem
678 647 794 680 tradet
818 646 931 678 diebus
953 645 1102 689 deinceps
1124 645 1312 677 indicandis.

182 706 222 739 A.
245 703 394 741 YPEY,
417 703 634 747 Pathologiam
660 703 829 747 explicabit
847 703 960 735 diebus
987 705 1116 743 Lunae,
1141 703 1280 744 Martis,
1304 679 1462 736 Mercurii
1489 709 1521 736 et
1545 703 1648 742 Iovis,

224 762 302 793 hora
319 761 373 791 IX.

289 816 434 849 Hiberno
458 823 619 860 tempore,
644 817 757 848 iisdem
781 816 911 855 diebus,
934 817 1014 848 hora
1028 818 1098 850 XII.

285 874 474 917 Therapiam
501 873 695 905 Morborum
713 874 949 906 chronicorum
973 874 1092 912 tradet,
1117 885 1193 906 cum
1219 874 1371 906 exercitio
1393 874 1428 906 in
1453 872 1647 907 Nosocomio
1706 874 1714 882 “

353 929 559 969 Academico,
584 930 852 963 diebus⁴Veneris
877 937 908 962 et
935 931 1084 969 Saturni,
1108 930 1188 962 hora
1205 932 1250 963 XI
1272 938 1304 963 et·
1328 931 1354 965 I.

284 986 481 1020 Medicinam
512 987 674 1018 Politicam
703 994 735 1018 et
761 988 966 1020 Diacteticam
990 995 1129 1032 exponet
1158 988 1271 1020 diebus
1303 990 1412 1020 Lunae
1437 994 1470 1021 et
1495 985 1645 1024 Saturni,

355 1041 433 1073 hora
456 1043 541 1075 VIII.

567 1162 901 1200 FACULTAS
951 1163 1276 1201 JURIDICA.·

179 1259 219 1293 N.
243 1256 652 1298 SMALLENBURG‚
686 1258 929 1297 Institutiones‚
969 1257 1147 1289 secundum
1177 1268 1470 1298 wrsrmmmxcnm,
1501 1257 1650 1290 metabit

225 1314 338 1348 diebus
358 1315 482 1352 Lunae,
506 1314 638 1353 Martis,
662 1315 837 1352 Mercurii,
861 1316 948 1346 Jovis
965 1322 997 1346 et
1015 1315 1164 1354 Veneris,
1186 1315 1264 1347 hora
1278 1317 1318 1348 X.

289 1369 459 1403 pandectas
484 1369 596 1401 iisdem
622 1371 755 1412 diebus,
779 1372 857 1402 hora
874 1372 955 1403 VIII.
1006 1403 1008 1405 ,

287 1427 507 1459 Institutiones
535 1429 619 1459 Juris
644 1429 792 1460 hodierni
827 1427 958 1460 dictabit
985 1428 1099 1461 diebus
1129 1429 1306 1468 Mercurii,
1329 1429 1417 1460 Jovis
1441 1435 1472 1460 et
1492 1427 1648 1467 Veneris,

360 1483 438 1514 hora
461 1485 530 1516 XII.
1490 1488 1493 1491 ⁴

182 1544 216 1575 E.
248 1540 506 1574 HAGEMAN
524 1563 532 1579 ,
560 1541 748 1572 Statisticam
773 1541 926 1583 docebit,
958 1543 1072 1575 diebus
1100 1545 1210 1583 Lunae
1227 1568 1236 1584 ,
1265 1543 1382 1576 Martis
1410 1548 1444 1574 et
1471 1536 1645 1580 Mercurii,

228 1599 306 1629 hora
328 1597 353 1626 Ι.

291 1652 467 1683 Historiam
491 1654 635 1696 Europae
659 1655 904 1698 Diplomaticnm
929 1657 1117 1701 explicabit,
1144 1657 1255 1689 iisdem
1273 1656 1404 1693 diebus,
1426 1653 1505 1686 hora
1519 1653 1578 1685 XI.

182 1712 210 1744 J.
234 1710 280 1742 M.
306 1709 413 1739 REM
424 1711 528 1748 PER,
549 1712 605 1741 Jus
627 1712 763 1744 Naturae
786 1713 970 1757 explicabit,
1001 1714 1113 1746 diebus
1132 1716 1264 1754 Lunae,
1286 1713 1420 1751 MartiS,
1444 1710 1603 1744 Mercurii
1616 1715 1649 1742 et

227 1766 329 1802 lovis,
353 1763 428 1794 hora
447 1765 499 1795 lv.

291 1823 346 1852 Jus
370 1821 520 1851 Gentium
543 1828 574 1853 et
597 1823 779 1864 Publicium,
804 1827 913 1858 iisdem
938 1827 1070 1865 dicbus,
1094 1827 1172 1859 hora
1193 1827 1248 1860 IX.

293 1879 348 1908 lus
370 1877 558 1916 Criminale,
583 1879 695 1912 iisdem
719 1882 849 1923 diebus,
874 1883 952 1915 hora
974 1884 1063 1916 v111.
