1913 2427
222 157 273 192 no·
400 130 407 139 Ἰ
525 135 1357 184 ·-PETR‘1'CA‘M'1>E‘R

230 232 343 282 req'if'res
363 252 378 272 a
398 239 548 271 labotibus
571 239 787 272 conceduntur,
809 236 833 264 si
857 235 964 270 modo,
986 236 1166 265 thuribulum
1191 237 1304 272 ferens,
1332 237 1361 265 in
1382 237 1489 272 templo
1509 243 1638 273 paratum
1664 231 1753 268 then-³

228 304 304 326 tmm
325 294 514 324 conscendere
534 291 607 320 xelit
630 293 683 324 (ut
707 296 828 323 nempe,
848 295 914 322 prae
934 287 1072 316 *caecitate
1093 288 1227 324 ignarus,
1253 287 1400 324 gentilium
1418 288 1480 316 Deo
1493 295 1582 317 sacra
1603 288 1743 326 faceret.)

230 343 296 386 rp'se
324 353 438 381 autem,
468 350 599 373 eventum
622 339 819 378 praesagiens,
850 338 978 366 odiosam
1005 340 1073 367 adeo
1095 339 1252 367 libertatem
1283 338 1364 367 hilari
1389 346 1481 367 tamen
1505 339 1609 375 accipit
1628 340 1743 376 animo3

232 394 402 429 e'onscendit
426 397 455 425 in
478 395 588 431 templo
612 393 774 426 theatrum,
803 391 870 418 dum
896 389 979 418 turba
1005 389 1251 425 philistaeorum,
1280 390 1354 418 cibis
1374 397 1401 419 et
1428 398 1521 425 mero,
1545 391 1624 418 ⁴inter
1646 383 1753 427 sacra,

231 451 343 485 dedita,
364 448 480 485 captivo
494 445 572 475 hosti
589 444 705 472 illudere
725 448 832 477 certat;
855 441 959 469 misero
981 442 1100 469 lamenta
1116 448 1143 469 et
1165 442 1313 476 ululatus,
1329 443 1439 469 laetum
1464 448 1598 476 tanquam
1623 441 1741 471 auribus

236 504 383 535 acro-ima,
401 504 569 533 extorquere
591 495 697 537 frustra
712 500 845 522 conatur.
873 492 983 521 Totum
1004 494 1142 529 templum
1158 493 1295 529 triumphi
1311 492 1434 528 speciem
1451 492 1617 529 praebebat!
1642 509 1665 514 ο
1684 493 1750 529 Ipse

233 555 408 587 Summum,
428 549 518 578 veluti
539 546 634 576 hostia
658 545 854 579 inducendus,
884 544 1065 579 taciturnus,
1087 553 1140 572 suo
1164 544 1226 573 Dto
1247 544 1362 578 fultus,
1390 550 1417 571 et
1439 543 1592 571 vindictam
1618 544 1752 580 spirans,

231 606 352 635 immoto
376 602 478 635 vultu,
508 600 586 628 lento
612 598 701 634 gradu
723 595 869 632 procedit;
901 594 1014 629 mluas,
1043 595 1159 623 dicteria
1176 616 1186 629 ,
1215 594 1453 630 vituperationem
1481 595 1622 630 omnium,
1656 603 1750 630 aequo

231 656 330 685 animo
353 653 476 690 perfert:
497 650 588 688 jussis
615 648 764 682 omnium,
794 655 853 682 quo
879 645 1048 682 prudentius
1068 647 1222 674 consilium
1245 654 1330 675 suum
1356 652 1450 682 tegat,
1480 645 1581 674 sedulo
1602 646 1750 682 obtempe-

232 714 288 736 rat.
329 704 441 742 Ingruit
464 704 549 736 hora,
572 709 628 736 qua
654 707 772 728 coccum
793 698 894 731 illum,
923 705 939 725 a
960 705 1018 731 quo
1036 697 1133 725 nullus
1154 697 1211 724 sibi
1234 697 1334 725 metuit
1358 697 1556 731 philistaeus,
1585 705 1663 725 sacra
1687 697 1753 725 Da·

234 759 303 797 gom·
324 756 434 789 facere,
457 754 588 786 Nocima,
615 750 727 779 scenica
751 748 875 783 mulier,
901 754 1035 777 coactura
1055 754 1109 776 est.
1152 747 1292 783 Suspensi
1318 748 1431 776 haerent
1456 756 1572 782 omues,
1603 754 1630 776 et
1649 748 1754 777 intenti

235 818 284 839 ora
309 816 359 836 sua
382 804 587 842 comprimunt.

277 861 429 889 samsom
454 856 578 892 requiem
601 854 751 891 postulatg.
774 852 872 888 templi
890 851 1035 880 columnis
1061 852 1198 887 arreptis,
1228 852 1342 880 vultum
1372 850 1448 879 ferro
1470 851 1617 880 foedatum
1633 851 1669 880 ad
1687 859 1753 881 coe-

239 912 300 941 lum
324 909 432 944 tendit3
454 916 472 936 a*
494 907 555 935 Deo
579 905 700 941 Optimo
724 904 853 933 Maximo
878 904 1014 933 auxilium
1035 904 1107 939 petit
1128 904 1156 931 in
1179 910 1309 939 gentem,
1331 902 1411 938 'quae
1433 902 1489 930 sibi
1518 904 1638 937 oculos,
1665 901 1758 938 capil-

238 963 307 996 los,
328 961 418 989 robur
433 965 460 987 et
478 958 622 986 insontem
637 956 782 991 animum,
803 956 958 991 ademerat3
981 954 1118 983 auxilium
1140 954 1266 989 obtinet3
1289 954 1438 982 universae
1458 953 1568 989 gentis,
1592 961 1652 981 uno
1674 952 1757 988 ictu,

238 1021 302 1042 uno
329 1011 459 1048 fragore,
481 1009 589 1037 ruinam
614 1008 690 1042 ciet,
713 1014 866 1043 partesque
891 1006 967 1044 agit,
1000 1014 1121 1041 quarum
1145 1005 1307 1033 memoriam
1333 1006 1411 1033 nulla
1441 1011 1516 1032 aetas
1550 1010 1595 1032 est
1620 1003 1757 1032 deletura.

241 1064 379 1099 Praesaga
402 1061 476 1090 enim
497 1059 592 1088 futuri*
611 1059 777 1087 Alei-aronis
800 1057 932 1095 Sybilla,
957 1057 1071 1085 volente
1094 1057 1177 1092 Deo,
1206 1056 1387 1085 emmach—aa
1415 1062 1521 1083 sortem
1544 1061 1601 1083 erat
1631 1059 1761 1091 expet-mi

240 1113 421 1146 Istaomnia
439 1113 468 1141 in
485 1112 571 1139 hacce
600 1109 777 1146 Tragoedia,
799 1109 844 1137 vel
861 1115 1003 1145 aguntur,
1024 1107 1068 1134 vel
1089 1115 1256 1144 narrantur;
1286 1107 1334 1135 sed
1351 1106 1389 1135 ita
1415 1112 1584 1141 narrantur,
1604 1111 1638 1133 ut
1654 1105 1689 1133 de
1707 1104 1763 1134 mi.

241 1169 340 1197 raculo
371 1174 496 1203 stupor,
518 1166 551 1194 de
570 1164 696 1193 vindicta
718 1163 770 1191 Dei
793 1162 910 1191 subitus
933 1168 1041 1196 terror,
1072 1161 1100 1189 in
1125 1160 1254 1188 Samsoni
1271 1159 1370 1188 hostes
1399 1157 1578 1194 indignatio,
1605 1157 1639 1185 de
1659 1163 1762 1186 eorun-

240 1220 304 1248 dem
321 1218 407 1246 exitio
430 1216 582 1253 gaudium,
605 1214 757 1252 legentium
783 1214 894 1242 animos
907 1213 1026 1247 subeat,
1046 1211 1207 1246 devinciat,
1231 1217 1318 1245 atque
1339 1209 1504 1245 perfundat.

248 1264 251 1265 ⁷
280 1271 490 1305 Argumentum
517 1265 692 1302 Tragoediae
711 1265 842 1293 Adoneus
871 1273 930 1293 non
954 1273 987 1293 cx
1011 1263 1129 1300 optimis
1158 1271 1224 1292 esse
1248 1262 1372 1290 videtur.
1410 1261 1490 1299 Quid
1511 1260 1608 1289 enim?
1638 1261 1766 1289 Salomo-

246 1316 327 1360 mtiz,
349 1318 615 1355 sapientissimum,
636 1323 668 1344 ut
690 1315 814 1350 dicitur,
841 1323 932 1350 regem
960 1314 1118 1343 fratricidio
1142 1321 1259 1350 regnum
1290 1312 1442 1340 inchoasse
1472 1312 1611 1339 videmus.
1653 1311 1707 1339 Sed
1732 1311 1763 1339 in

250 1373 317 1409 ipsa
343 1369 500 1407 argumenti
529 1368 698 1398 tractatione
722 1367 914 1404 pulcherrima
941 1373 1055 1403 praesto
1088 1371 1156 1393 sunt
1186 1369 1359 1392 ornamenta.
1406 1362 1437 1389 ld
1465 1361 1538 1390 vitio
1566 1362 1637 1390 verti
1661 1361 1763 1397 debet,

248 1424 329 1459 'quod
351 1422 449 1451 statim
470 1419 504 1448 ab
526 1408 610 1448 initio
640 1420 677 1447 rei
699 1420 828 1453 exitum,
858 1418 948 1447 nullis
981 1417 1116 1445 immixtis
1142 1414 1298 1451 episodiis,
1329 1413 1484 1442 videamus.
1526 1413 1580 1441 Sed
1613 1412 1766 1449 Abizagae

248 1474 401 1514 vehemens
427 1478 454 1500 et
481 1480 513 1499 ex
545 1479 635 1498 rerum
667 1476 767 1497 natura
792 1470 960 1505 depromtus
990 1477 1085 1502 amor,
1112 1467 1183 1503 (cui
1207 1472 1298 1493 tamen
1322 1465 1409 1501 (21)
1440 1463 1530 1499 quarti
1563 1471 1645 1492 actus
1675 1463 1768 1499 prima

249 1512 525 1558 scena‘obstrebit)
553 1519 711 1550 Salomo'm's
735 1521 768 1548 de
802 1518 893 1548 morte
916 1519 994 1548 fratri
1028 1519 1178 1555 infligenda
1202 1516 1328 1544 incertus
1357 1515 1487 1549 animus;
1516 1514 1648 1542 Adom‘ac
1680 1513 1768 1543 fallax

247 1573 372 1611 astutia,
394 1575 463 1603 ficto
475 1581 569 1601 amore
589 1579 698 1608 praeter
713 1571 865 1607 Imperium
886 1571 957 1599 nihil
978 1571 1032 1599 sibi
1052 1569 1229 1604 quati-entis,
1253 1567 1290 1595 ita
1309 1566 1395 1594 menti
1411 1565 1538 1594 omnium
1556 1565 1765 1601 obversantur,-

250 1628 304 1662 ixt,
325 1625 438 1654 sceleris
460 1622 527 1652 odio
552 1623 687 1657 adducti,
709 1622 867 1650 Salomonis
889 1621 996 1650 iactum
1021 1620 1243 1656 comprobemus
1264 1625 1379 1647 neccsse
1402 1617 1459 1652 sit,
1481 1624 1546 1644 cum
1566 1625 1646 1646 verae
1665 1615 1770 1646 virtuti

253 1679 282 1706 'ct
301 1678 394 1705 bonae
416 1675 532 1703 caussae
555 1672 589 1702 de
612 1673 719 1709 flagitio
745 1673 896 1701 victoriam
919 1674 1010 1701 datam
1035 1672 1193 1700 videamus.

286 1724 328 1756 'ln
355 1715 511 1769 F'rairifbm
535 1725 654 1753 Batavis
680 1731 775 1753 movet
801 1733 892 1752 rerum
916 1731 1028 1757 status,
1058 1729 1159 1751 nostro
1184 1730 1248 1751 ante
1272 1729 1380 1757 paucos
1401 1729 1490 1749 annos
1514 1719 1677 1756 persimilis.
1720 1719 1766 1748 ln-

255 1779 385 1816 dignatio
408 1778 474 1806 hinc
498 1776 602 1805 crescit
628 1777 655 1804 in
682 1768 836 1805 sceleratos
871 1776 997 1803 Nero-als
1021 1774 1176 1802 ministros.
1221 1772 1305 1801 Sacra
1334 1771 1514 1800 veneratione
1538 1770 1657 1806 Julium
1681 1769 1773 1798 Paul-

256 1831 332 1865 lum,
362 1829 572 1865 Claudiumque
594 1827 734 1862 Civilem,
760 1828 925 1862 intuemur-3
955 1827 1045 1855 rerum
1073 1832 1204 1853 eventum
1230 1825 1314 1860 longe
1344 1823 1428 1851 alium
1454 1829 1665 1857 exspectamus.
1686 1810 1688 1813 V
1707 1823 1773 1858 [psa

259 1881 333 1910 enim
364 1878 523 1915 Tragoedia
555 1878 644 1914 quid,
672 1878 728 1907 nisi
759 1886 927 1915 oppressum
958 1876 1152 1906 fortissimum
1182 1874 1296 1909 virum,
1325 1882 1403 1912 agere
1428 1873 1564 1902 videtur?
1604 1873 1696 1902 Estne
1725 1870 1773 1900 hic

1702 1922 1775 1953 Tra-

290 1998 356 2028 (αι)
371 1997 423 2021 Vid.
439 1998 511 2027 Μετ’.
527 1997 553 2021 L.
565 2004 584 2020 c.
600 1998 627 2021 L.
641 1998 667 2025 1,
682 1997 766 2026 erola,
781 2004 827 2020 mr
838 1998 877 2020 dn
888 1996 957 2020 ’.αἱ
974 1998 996 2039 ὅ..
1008 1996 1032 2018 d·
1043 1995 1142 2023 Polam,
1156 2000 1180 2023 p.
1197 1999 1236 2020 tos
1249 2000 1283 2021 ⁸⁴1-
