1913 2427
285 133 322 160 n
531 125 670 156 ηας.
737 120 843 155 v'l'x
909 118 1036 153 nnn·
1080 119 1259 153 BooN
1325 115 1548 154 Mn'scn

283 212 420 247 amicam,
450 218 569 248 eamque
590 217 690 241 contra
715 209 865 239 nonnullis
889 210 1059 244 molestam3
1091 208 1201 237 scilicet
1232 214 1364 244 constat,
1393 218 1451 244 quo
1479 209 1674 245 praestantius
1703 209 1796 241 irrita-v

284 261 410 293 mentum
430 259 486 299 sit,
508 260 541 292 eo
566 264 633 300 plus
653 262 771 299 periculi
789 261 969 289 metuendum
992 268 1053 288 esse
1068 259 1102 287 ab
1127 259 1330 295 intempestivo
1353 260 1415 296 eJus
1441 269 1512 288 usu:
1536 267 1568 288 ut
1586 261 1658 289 enim
1682 261 1794 292 caudici

281 315 463 345 adse-endenti
489 315 669 353 gratissimus
692 319 734 342 est
758 319 785 341 et
804 311 982 341 necessarius
1014 311 1088 340 lucis
1116 318 1215 345 usus,
1233 310 1273 338 ita
1297 310 1476 339 descendenti
1496 311 1636 341 inimicus.
1654 319 1681 340 ct
1705 313 1797 342 infes-

280 363 433 403 tus3‘·fqu0
458 366 507 400 fit,
535 365 686 400 ut„,sicut
710 363 765 391 ille
784 362 862 391 omni
893 370 948 398 ope
984 361 1107 396 nititur,
1139 361 1188 396 qui
1219 361 1308 395 lucem
1333 368 1463 398 appetat,
1494 362 1532 391 ita
1555 363 1636 398 hic,'
1653 362 1795 400 quantum

280 424 394 455 potest,
416 418 509 446 lucem
527 415 640 452 fugiata
671 414 727 443 Est
748 420 841 442 autem
868 413 936 452 haec
958 412 1043 451 fuga,
1072 416 1144 448 quae
1167 421 1257 442 veram
1281 413 1411 442 videatur
1438 414 1558 449 pandere
1579 422 1713 449 causam,
1742 423 1796 444 cut

280 470 387 497 caudex
417 468 590 497 descendens
616 466 673 495 sub
694 472 765 494 terra
791 474 823 494 se
845 465 1005 500 subducat,
1027 470 1055 492 et
1072 464 1220 503 radiculas,
1238 463 1383 506 proferat,
1409 470 1436 492 et
1458 466 1614 493 ascendens
1636 474 1725 501 supra
1741 472 1799 495 ter«

281 507 472 548 ram'sensim
503 526 567 546 sese
590 518 680 546 elevet
707 523 735 545 et
767 517 861 545 trunci
889 516 966 545 vices
999 522 1100 552 ἕξοι-’.ιτς
1131 524 1236 552 quare,
1268 516 1344 544 sicut
1376 517 1469 552 solet,
1499 518 1554 553 jani
1587 517 1696 554 egregie
1722 519 1795 548 dixit

281 579 412 604 summus
436 569 604 605 Limnaeus,
633 569 662 597 in
683 569 827 604 praeclaro
851 576 934 603 opere
955 567 1137 604 Philosophia
1166 567 1307 596 Botam'ca
1341 588 1365 604 „
1383 568 1498 596 arbores
1523 561 1701 604 fruticesque
1726 560 1796 599 sunt

282 643 304 658 ,7
327 621 434 650 radices
461 630 548 657 supra
576 627 696 655 terram,
726 620 810 648 arbor
838 619 1009 650 verticaliter
1040 618 1150 649 inversa
1175 627 1191 648 e
1214 619 1330 649 caudice
1360 620 1545 649 descendente
1572 618 1628 648 fert
1651 619 1732 657 folia,
1761 627 1799 651 ex

282 693 307 711 ‚9
329 673 520 703 adscendente
542 673 694 702 radiculas.
704 671 726 701 ”.
1098 676 1101 678 ’
1312 674 1315 677 “
1435 673 1439 676 ⁴
1642 680 1644 683 ’
1677 681 1681 684 >
1707 681 1721 684 »
1754 673 1761 676 “

974 748 1017 813 ς.
1057 748 1119 805 6.⁴

319 879 422 915 Neque
442 878 538 908 minus
560 879 629 915 quid
653 878 738 908 faciat
759 879 834 907 lucis
855 878 1059 908 irritamentum
1083 884 1243 908 monstrant
1269 879 1430 915 plantarum
1455 877 1580 915 vigiliae.
1616 876 1723 914 Specto
1745 877 1797 907 hie

279 931 415 966 pulchras
439 931 822 965 Linnaeimbservationes,
851 931 984 959 docentes
1004 938 1066 958 esse
1089 930 1221 966 plantas,
1252 938 1325 965 quae
1348 929 1542 958 determinatis
1568 927 1622 957 diei
1645 928 1725 957 horis
1743 927 1800 956 flo-

277 988 322 1009 res
340 981 484 1016 aperiant,
502 982 684 1015 expandant,
707 981 858 1012 claudunt3
882 980 960 1005 sicut
981 978 1101 1010 Tronis-i
1119 989 1199 1007 mane
1219 980 1309 1011 aperti
1329 987 1357 1004 er
1376 987 1440 1005 ante
1455 988 1602 1011 vesperam
1622 978 1748 1012 reclusi,
1763 983 1799 1007 iet

279 1031 504 1066 aequinoctiales
533 1035 608 1057 certa
626 1035 663 1059 ret
680 1027 805 1064 positiva
828 1027 884 1055 diei
903 1027 972 1056 hora
991 1026 1064 1055 idem
1081 1025 1241 1055 -facientesz
1264 1026 1340 1055 unde
1357 1026 1540 1063 horoloqum
1556 1027 1682 1057 confecit
1703 1037 1800 1065 prom-

276 1089 361 1119 ptum
377 1082 505 1111 Linnaeiv
517 1080 662 1117 ingenium
677 1080 738 1116 (30
747 1081 774 1117 >a
815 1079 906 1113 Lucis
922 1079 1047 1108 valorem
1068 1077 1220 1107 confirmat
1235 1077 1436 1115 vegetabilium
1459 1087 1596 1116 somnus,
1617 1088 1723 1108 nomen
1739 1081 1801 1109 non

277 1142 399 1170 prorsus
413 1133 617 1169 incongruum.
659 1131 806 1160 Nimirum
823 1137 892 1160 sunt
905 1131 1035 1166 plantae,
1056 1138 1181 1165 quorum
1195 1128 1282 1166 folia,
1304 1130 1472 1166 praeprimis
1485 1131 1674 1168 composita„
1686 1133 1798 1169 quippe

276 1184 419 1214 mollioris
448 1190 612 1213 structurae
635 1189 662 1212 et
686 1182 835 1215 tenerioris
863 1182 967 1211 indolis
986 1203 999 1217 ,
1025 1183 1087 1210 sole
1112 1182 1284 1217 occidente,
1312 1183 1414 1216 situm?
1434 1189 1546 1212 mutent
1562 1204 1573 1219 ,
1602 1184 1798 1220 dependeant,

275 1243 377 1265 versus
402 1244 432 1265 se
456 1236 584 1264 invicem
610 1235 772 1269 inclinent,
793 1243 823 1263 se
844 1234 1002 1269 invertant,
1023 1240 1157 1270 tangente
1180 1233 1296 1262 alterius
1327 1233 1392 1262 folii
1412 1233 1484 1263 facie
1509 1235 1656 1271 superiore
1670 1235 1798 1264 >alterius

275 1287 473 1323 superiorem,
502 1293 530 1315 et
557 1295 588 1316 se
612 1286 895 1326 imbricatim-quasi
918 1285 1069 1322 imponant
1086 1285 1232 1315 fructibus
1251 1293 1282 1317 et
1307 1286 1452 1321 floribus,
1476 1287 1537 1315 acsi
1567 1287 1622 1315 hos
1652 1286 1802 1315 defendere

274 1343 443 1365 conentura
458 1337 553 1365 noctis
577 1336 711 1373 injuriis,
733 1344 792 1364 uno
808 1336 918 1371 verbo,
942 1345 1065 1372 quorum
1087 1338 1161 1365 situs
1182 1337 1301 1366 directio
1323 1338 1362 1366 ita
1382 1346 1398 1366 a
1422 1337 1517 1366 solitis
1537 1344 1566 1366 et
1581 1337 1692 1367 diurnis
1708 1338 1800 1367 disce-

277 1388 364 1423 dant,
386 1395 418 1415 ut
439 1387 517 1416 haud
538 1396 600 1417 raro
627 1396 731 1416 novam
759 1387 842 1422 quasi
865 1387 1103 1424 Physionomiam
1132 1388 1261 1417 induisse
1292 1388 1420 1424 plantam
1447 1388 1572 1424 dixeris,
1599 1397 1692 1424 neque
1714 1389 1802 1428 inter-

275 1439 343 1467 dum
366 1439 489 1467 eamdem
513 1430 685 1476 agnoverisg,
715 1440 778 1468 sole
798 1447 866 1467 vero
892 1439 1001 1468 oriente
1028 1438 1183 1475 pristinum
1205 1440 1293 1469 situm
1321 1439 1463 1476 recipiunt
1489 1439 1580 1475 folia,
1609 1447 1636 1469 et
1666 1439 1802 1470 instituta

276 1490 358 1526 quasi
379 1491 439 1519 acie
462 1490 667 1530 amplissimam
697 1490 878 1527 superficiem
906 1490 1088 1520 amicissimis
1119 1492 1191 1521 solis
1221 1491 1306 1520 radiis
1339 1479 1503 1528 opponunt.
1550 1491 1673 1521 Videtur
1703 1498 1798 1521 autem

275 1542 324 1571 hic
350 1551 471 1572 somnus
495 1551 549 1579 pro
577 1548 656 1578 parte
677 1542 863 1578 exponendus
885 1550 919 1571 ex
946 1549 1055 1571 mutata
1079 1542 1182 1578 petioli
1210 1551 1344 1572 vasorum
1367 1543 1543 1579 directione,
1571 1552 1695 1579 quorum
1722 1549 1800 1572 tena-

274 1593 388 1622 citatem
404 1600 432 1622 et
447 1601 548 1623 tonum
570 1594 638 1622 Lux
657 1600 798 1623 sustentat
821 1600 848 1622 et
869 1600 954 1630 auget
970 1594 1097 1630 egregie3
1120 1594 1196 1622 unde
1218 1594 1246 1622 id
1269 1594 1390 1622 efficitur
1417 1600 1467 1630 ut,
1498 1595 1563 1623 luce
1595 1593 1732 1629 absente,
1753 1601 1801 1629 pe-

274 1645 340 1684 tioli
355 1654 422 1675 vasa
443 1646 590 1684 ethorum
614 1646 771 1682 expansio,
795 1654 867 1681 quae
884 1645 987 1674 folium
1010 1653 1074 1682 est,
1101 1646 1188 1674 alium
1212 1645 1300 1674 situm
1321 1645 1474 1682 accipiant.
1516 1645 1563 1675 Ex
1586 1645 1693 1681 quibus
1713 1643 1802 1672 simul

275 1693 386 1730 elucet,
413 1696 490 1725 haud
516 1697 654 1726 minorem
676 1697 740 1726 luce
763 1697 913 1726 utilitatem
940 1697 1047 1734 plantis
1068 1706 1209 1734 praesmre
1232 1703 1365 1733 noctem3
1397 1704 1429 1726 ut
1454 1697 1548 1731 enim,
1581 1704 1640 1725 nox
1670 1696 1696 1725 si
1726 1694 1801 1724 foret

275 1747 463 1784 diuturnior„
483 1758 581 1779 omnes
606 1752 765 1787 plantarum
790 1750 957 1779 functiones
982 1751 1168 1786 languerent,
1196 1756 1340 1785 torperent
1363 1755 1401 1778 et⁴
1418 1748 1735 1784 suspenderentur,.et
1751 1746 1803 1775 jn.-

275 1799 426 1827 duceretur
446 1800 555 1836 vigoris
583 1802 680 1830 vitalis
711 1802 885 1837 exstinctio,
915 1802 1143 1839 soporqt1e·dein
1172 1801 1284 1830 lethalis
1299 1823 1310 1837 ,
1339 1801 1377 1830 ita
1398 1801 1424 1830 si
1447 1808 1558 1836 semper
1581 1799 1690 1836 vigeret
1712 1798 1802 1836 Lux,

275 1849 362 1877 nimis
379 1850 504 1878 incitatis
523 1852 678 1887 quibusvis
696 1852 917 1889 functionibus,
940 1853 1087 1882 exhaustis
1105 1853 1312 1882 secretionibus
1326 1860 1354 1881 et
1368 1849 1619 1886 exhalationibus,
1641 1851 1802 1886 irrumpen-

272 1898 322 1935 te,
344 1897 573 1938 nullis'amplius
590 1903 719 1933 stimulis
734 1905 887 1942 irritanda,
910 1904 1099 1943 lassitudine,
1124 1905 1217 1935 siccae
1229 1912 1259 1934 et
1272 1912 1428 1943 oppressae
1441 1903 1661 1933 succumberent
1676 1902 1805 1944 plantaeg

302 1999 365 2030 (ιο)
381 2000 421 2024 ΡΙι.
431 2000 548 2032 neruum,
561 2011 587 2033 p.
601 2010 642 2032 ²72
656 2009 679 2026 et
698 2011 745 2034 seq.
1721 1951 1738 1987 s
1773 1959 1790 1989 ἵ
