1913 2427
339 124 817 161 DISSERTATIO
883 124 1430 159 PHILOSOPI·IICA.·
1598 133 1636 156 21

128 217 312 256 Empiricos,
340 216 450 253 Pyrrh.
474 216 550 254 Hyp.
572 217 597 244 1.
619 216 645 251 §.
669 215 761 250 220.)
792 213 889 242 Cicero
910 214 1007 250 itaque
1031 213 1165 242 nonnisi
1190 213 1260 240 duas
1293 211 1460 240 Academias
1488 210 1636 247 agnoscit:

124 275 266 304 veterem,
288 277 303 296 a
325 268 447 295 Platone
468 266 646 303 profectam,
673 275 704 294 ac
724 265 929 300 Philosophiae
954 266 1015 301 ejus
1041 264 1192 293 heredibus
1225 263 1350 292 relictam
1372 269 1398 290 et
1422 261 1636 289 continuatam:

125 325 153 347 et
174 329 294 354 novam,
316 327 366 347 seu
385 325 540 353 recentem,
560 318 594 346 ab
615 316 749 345 Arcesila
771 315 951 351 institutam,
974 325 988 343 a
1006 315 1158 344 Carneade
1175 314 1388 351 confirmatam,
1411 314 1425 341 a
1449 312 1569 340 Philone
1591 312 1639 339 de-

124 369 248 399 fensam.
288 370 368 408 Quin
387 376 414 397 et
442 390 459 405 ,‚
481 369 620 397 Atm'ocln'
635 367 768 404 magister
785 367 886 402 Philo,
908 375 1028 402 magnus
1053 366 1113 400 vir,
1135 366 1248 402 negavit
1265 365 1294 393 in
1315 364 1395 392 libris
1422 363 1526 399 (quod
1544 370 1640 391 coram

127 441 145 457 ,‚
167 421 248 449 etiam
274 430 307 450 ex
332 421 396 456 ipso
419 428 448 448 se
469 420 613 448 audivisse
637 425 759 448 testatur
784 419 905 454 Cicero)
926 419 996 446 duas
1016 417 1182 446 Academias
1207 425 1288 451 esse,
1317 423 1498 450 erroremque
1520 422 1638 447 corum,

129 491 147 506 „
168 472 217 506 qui
246 472 284 499 ita
306 478 463 507 putarunt,
492 469 658 507 coarguit.‘’
686 469 803 505 (Aa-ad.
832 469 874 506 Q.
896 469 920 497 Ι.
942 470 999 506 4.)
1039 468 1072 496 In
1100 476 1182 503 quam
1209 467 1394 502 sententiam,
1427 465 1511 493 utin
1541 471 1641 492 omnes

124 521 183 551 fere
205 529 310 550 ceteras
334 522 483 558 Philonis,
506 529 533 550 et
551 523 648 550 Cicero
668 529 699 549 se
723 520 892 554 inclinavit,
914 526 1036 548 testatus
1062 519 1184 556 (Acad.
1206 518 1244 556 Q.
1269 518 1292 546 I.
1319 520 1390 554 13.)
1420 537 1438 552 „
1460 524 1544 552 quam
1565 516 1642 543 Aca-

126 593 145 608 „
164 573 282 600 dcmiam
305 582 408 602 novam
431 573 575 609 appellent
599 571 752 606 homines,
782 571 838 599 sibi
858 570 946 599 videri
966 577 1092 599 veterem
1110 579 1120 605 3
1151 569 1291 604 siquidem
1316 577 1345 596 se
1367 568 1518 597 Platonem
1539 575 1573 595 ex
1593 566 1644 594 illa

128 643 148 659 2,
167 630 262 654 vetere:
285 633 449 659 numerare,
479 624 561 660 cujus
587 623 616 651 in
642 621 723 650 libris
750 621 823 649 nihil
849 621 1020 657 affirmatur,
1042 627 1068 649 et
1090 621 1119 649 in
1140 627 1290 654 utramque
1316 625 1422 654 partem
1443 619 1532 646 multa
1555 617 1646 646 disse-

126 695 145 710 „
165 682 287 710 runtur,
308 676 342 704 de
364 675 500 704 omnibus
522 674 684 710 quaeritur,
711 672 785 701 nihil
811 672 880 700 certi
911 672 1058 701 dicitur.”
1098 671 1210 700 Patitur
1231 677 1322 698 tamen
1348 670 1420 698 hanc
1447 675 1588 702 veterem,
1610 668 1645 694 il-

128 726 183 754 lam
202 736 301 756 novam
325 726 485 760 nominari,
513 746 537 760 „
553 734 644 761 quae,
671 732 763 760 usque
792 724 826 752 ad
845 723 1024 752 Carneadem
1046 723 1205 758 perducta,
1235 721 1285 756 qui
1311 728 1432 756 quartus
1454 720 1488 748 ab
1507 718 1645 747 Arcesila

129 797 154 812 ‚,
175 776 248 812 fuit,
277 777 307 806 in
336 778 429 807 eadem
453 777 605 804 Arcesilae
638 775 747 804 ratione
780 773 972 810 pe1·1nansit.r'’
994 773 1119 812 (ibid.)
1167 772 1279 800 Tullius
1304 778 1332 800 et
1363 771 1426 800 aliis
1460 770 1542 799 etiam
1571 769 1646 797 locis

128 827 263 863 pluribus
294 827 400 858 indicat
417 849 427 862 ,
456 828 620 856 Arcesilam
645 835 679 855 ex
705 825 791 854 variis
813 825 944 853 Platonis
973 824 1076 858 libris,
1104 830 1130 851 et
1155 823 1336 851 sermonibus
1361 822 1532 855 Socraticis,
1562 828 1645 849 suam

127 877 342 914 Philosophiam
369 879 489 908 maxime
512 879 662 912 hausisse,
691 877 886 912 rationemque
910 874 1076 911 disputandi
1103 881 1130 902 et
1154 874 1330 908 disserendi,
1361 873 1477 902 Socrati
1494 873 1550 909 jam
1576 879 1645 907 pro-

127 928 234 964 priam,
257 930 291 958 ab
318 931 384 966 ipso
409 939 468 958 non
494 929 551 958 nisi
571 935 730 957 revocatam
756 935 783 956 et
804 926 949 963 repetitam
976 934 1049 954 csse.
1090 925 1158 953 Vid.
1183 925 1217 953 de
1239 924 1325 954 Orat.
1354 924 1405 953 ΠΙ.
1429 925 1473 952 18.
1505 922 1540 950 cle
1564 922 1642 949 Nat.

130 979 174 1008 D.
197 982 220 1009 l.
244 987 270 1016 5.
307 981 341 1008 de
366 982 434 1009 Fin.
454 981 490 1010 11.
515 987 541 1010 1.
586 981 705 1009 Crassus
738 986 831 1007 tamen
863 977 922 1012 (da
957 977 1043 1004 Orat.
1070 976 1120 1004 111.
1147 977 1212 1011 18.)
1241 983 1299 1003 non
1333 975 1456 1004 obscure
1485 972 1645 1009 significat,

131 1038 184 1058 sua
211 1031 347 1066 opinione
378 1040 473 1060 revera
501 1032 571 1060 duas
610 1039 673 1060 esse
703 1029 887 1059 Academias:
926 1048 944 1062 ‚‚
964 1027 1221 1061 Academicorum,
1240 1025 1260 1038 ’'
1291 1025 1387 1061 inquit
1427 1046 1444 1060 ‚‚
1464 1031 1569 1053 nomen
1602 1028 1647 1051 est

120 1100 145 1121 ο
167 1089 275 1117 unum,
305 1083 461 1112 sententiae
483 1084 573 1119 duae,
590 1082 608 1094 ”
630 1089 658 1111 et
684 1103 709 1118 „
731 1081 880 1110 Arcesilas
899 1080 1027 1117 primam
1050 1086 1083 1107 ex
1106 1077 1191 1107 variis
1219 1077 1353 1106 Platonis
1375 1076 1457 1105 libris
1479 1076 1535 1104 hoc
1559 1073 1647 1102 maxi-

131 1151 150 1168 „
172 1141 216 1161 me
238 1134 376 1170 arripuit,
397 1135 469 1163 nihil
490 1142 551 1163 esse
570 1134 662 1169 certi,
678 1133 697 1145 '⁷
721 1139 775 1162 etc.

172 1172 357 1214 eonsensum*
377 1195 463 1222 porro
484 1186 588 1215 veteris
613 1185 782 1214 Academiae
799 1193 864 1213 cum
885 1183 1081 1221 Peripateticis
1104 1183 1217 1219 saepius
1241 1181 1271 1212 in
1296 1181 1440 1211 Ciceronis
1465 1178 1581 1215 scriptis
1605 1185 1651 1206 as-

126 1242 234 1264 sertum
257 1243 284 1264 et
311 1237 510 1265 confirmatum
541 1239 709 1273 reperimus.
749 1237 816 1266 Vid.
847 1236 977 1272 inprimis
1007 1235 1091 1263 Iocus
1125 1241 1205 1262 antea
1227 1235 1284 1271 jam
1314 1234 1364 1263 cit.
1385 1231 1481 1261 Acad.
1503 1230 1541 1267 Q.
1570 1230 1593 1258 Ι.
1615 1238 1646 1264 4.

126 1295 197 1323 sqq.
227 1287 261 1316 de
286 1289 354 1316 Fin.
375 1288 412 1317 V.
436 1297 464 1325 3.
493 1289 649 1324 (quuitur
671 1288 760 1323 Piso)
800 1307 824 1323 „
845 1287 879 1315 In
905 1286 1057 1315 Academia
1080 1291 1173 1314 vetere
1191 1294 1250 1313 non
1273 1284 1294 1312 ii
1319 1285 1413 1313 solum
1438 1287 1649 1316 numerantur,

130 1357 155 1373 „
176 1338 227 1374 qui
252 1339 416 1368 Academici
439 1345 597 1374 vocantur,
629 1339 817 1376 Speusippus,
846 1338 1043 1372 Xenocrates,
1073 1336 1206 1371 Polemo,
1236 1335 1385 1370 Crantor,
1414 1333 1578 1368 ceterique,
1601 1329 1651 1358 scd

131 1407 158 1424 9,
178 1389 261 1418 etiam
285 1390 467 1426 Peripatetici
484 1396 611 1425 veteres,
634 1397 758 1425 quorum
778 1388 912 1425 princeps
931 1387 1124 1423 Aristoteles,
1147 1395 1230 1422 quem
1243 1407 1254 1421 ,
1271 1392 1390 1421 excepto
1407 1378 1550 1417 Plateia,
1573 1380 1649 1409 haud

135 1459 159 1474 „
181 1439 243 1468 scio
273 1449 308 1468 an
338 1447 413 1469 recte
444 1441 560 1470 dixerim
596 1441 755 1477 principem
780 1439 1044 1475 Philosophorum:
1065 1435 1085 1449 ³³
1112 1437 1169 1468 (de
1197 1437 1284 1465 Orat.
1317 1436 1369 1464 ΙΙΙ.
1393 1436 1462 1471 18.)
1502 1431 1652 1470 [loquitur

131 1489 274 1527 C'‘535-51‘2']
304 1511 328 1525 a,
348 1500 412 1520 nam
439 1493 628 1530 Speusippus,
659 1492 792 1520 Platonis
822 1489 931 1519 sororis
952 1489 1050 1523 filius,
1079 1495 1106 1516 et
1127 1488 1323 1521 Xenocrates,
1353 1486 1403 1521 qui
1427 1485 1577 1512 Platonem
1603 1489 1653 1509 au·

131 1559 156 1576 ,‚
176 1540 285 1576 dierat,
306 1542 401 1578 etqui
421 1543 634 1578 Xenocratem,
665 1543 798 1576 Polemo,
818 1547 846 1569 et
872 1541 1020 1575 Crantor,
1048 1539 1077 1567 in
1104 1538 1149 1567 his
1173 1538 1209 1566 ab
1234 1537 1413 1571 Aristotele,
1443 1536 1493 1571 qui
1519 1542 1575 1562 una
1598 1541 1652 1560 au-

130 1611 157 1627 „
177 1591 267 1620 dierat
288 1592 457 1630 Platonem,
480 1602 649 1632 magnopere
670 1592 824 1627 dissensit,
854 1591 939 1627 copia
968 1590 1092 1619 fortasse
1125 1596 1152 1617 et
1177 1589 1311 1618 varietate
1339 1587 1450 1616 dicendi
1483 1593 1567 1622 pares
1589 1591 1650 1612 non

134 1662 158 1678 „
180 1642 339 1673 fuerunt.”
364 1645 506 1674 *Affirmat
528 1646 594 1674 Piso
615 1645 674 1681 (cle
687 1644 752 1672 Fiat
775 1642 810 1670 V.
836 1643 890 1679 8.)
911 1641 1048 1675 antiquos
1065 1639 1262 1675 Philosophos
1280 1639 1394 1667 eosdem
1415 1644 1442 1666 et
1459 1635 1648 1665 Academicos

131 1713 156 1729 a,
176 1699 203 1722 ct
217 1694 418 1731 Peripateticos
431 1697 585 1726 nominari.
595 1696 614 1707 ”
654 1695 719 1732 Ipse
737 1694 855 1727 cicaro,
878 1693 936 1729 (de
952 1693 1020 1721 Fin,
1042 1692 1092 1720 IV.
1115 1701 1141 1721 2.
1167 1691 1201 1719 do
1219 1690 1310 1727 Legg.
1332 1689 1355 1717 Ι.
1379 1690 1448 1726 13)
1463 1693 1579 1721 censet,
1599 1685 1651 1713 Pe-

137 1744 303 1780 ripateticos
327 1754 354 1776 et
376 1747 565 1777 Academicos
579 1752 688 1776 veteres
706 1754 734 1774 re
758 1752 934 1781 congruere,
957 1742 1107 1773 vocabulis
1129 1741 1250 1770 differre.
1292 1741 1367 1770 Idem
1394 1739 1464 1768 dicit
1485 1737 1648 1771 Lucullus,-

133 1795 228 1824 Acad.
245 1796 286 1834 Q.
307 1797 343 1827 11.
365 1806 392 1834 5.

169 1845 271 1875 Novae
293 1847 381 1884 igitur
406 1858 456 1878 seu
482 1850 604 1879 recentis
626 1848 814 1883 Academiae,
835 1847 919 1883 cujus
945 1846 1056 1873 brevem
1081 1844 1252 1879 historiam,
1274 1849 1301 1871 et
1324 1841 1558 1879 conjunctionem
1583 1845 1650 1867 cum

106 1899 109 1902 “
134 1895 264 1926 finitimis
288 1898 489 1937 Philosophiae
513 1901 661 1938 generibus
675 1921 685 1935 ,
711 1899 915 1933 exhibuimus,
938 1903 1032 1933 partes
1052 1904 1146 1924 revera
1171 1895 1331 1930 amplexum
1354 1893 1444 1922 fuisse
1466 1893 1648 1922 Ciceronem,

135 1947 217 1977 testis
238 1957 314 1979 nunc
334 1950 396 1988 ipse
417 1953 553 1989 prodeat,
576 1953 614 1982 ita
637 1953 779 1990 loquens,
810 1950 869 1989 (dc
885 1949 964 1978 Nat.
982 1947 1024 1976 D.
1045 1947 1070 1977 l.
1095 1948 1148 1986 3.)
1188 1967 1213 1985 „
1234 1946 1342 1976 Multis
1365 1944 1443 1974 sensi
1459 1941 1587 1972 mirabile
1604 1938 1648 2018 ἒί-

943 1999 969 2028 C
991 2007 1007 2034 3
1627 1995 1656 2018 0·

195 2082 222 2103 »v
