1913 2427
302 157 672 195 coMMENTA‘mo
703 150 1003 194 n-n'micmm
1034 158 1380 194 ATwoomANA.
1555 170 1594 195 ω
1620 180 1628 189 »-

707 289 970 318 LEX-*VI-

120 390 154 420 Si
173 395 262 419 motus
284 390 411 427 corporis
432 391 580 428 gravioris
602 391 637 426 64
658 390 705 418 M.
730 390 914 419 acceleratur
933 390 1064 426 viribus,
1090 400 1164 429 qnae
1188 397 1253 419 sunt
1278 391 1358 418 inter
1381 398 1409 417 se
1433 389 1478 417 uti
1503 397 1512 416 1
1534 397 1593 423 :4,

176 442 243 471 dum
265 447 365 478 corpus
388 441 467 469 illud
485 441 625 479 quoddam
647 443 790 480 spatium,
813 451 859 470 cx.
881 450 931 478 gr.
954 450 987 469 12
1005 442 1163 479 pollicum,
1188 443 1361 480 percurrit,
1383 446 1470 469 erunt
1492 439 1593 469 veloci-

175 499 250 522 tates
274 494 434 530 acquisitae
456 494 489 521 iu
508 494 621 522 ratione
642 494 750 523 virium
777 492 1001 530 subduplicata',
1021 494 1078 523 sive
1102 500 1134 523 uc
1158 503 1169 524 1
1192 503 1202 523 ι
1223 504 1253 522 2.

661 603 1010 625 EXPERIMENTUM·

119 683 153 712 In
172 684 251 712 lance
270 681 298 711 A
321 681 501 712 collocentur
528 691 565 712 20
588 683 654 720 M„
683 684 815 721 idemque
837 686 954 722 pondus
977 683 1008 712 in
1033 684 1111 712 lance
1140 682 1175 711 B.
1202 682 1324 712 Ponderi
1355 691 1422 711 vero
1452 683 1541 711 lancis
1564 683 1593 715 A

77 735 216 765 addantur
240 734 298 762 duo
327 734 495 771 Parallelop.
526 744 597 771 quae
625 736 712 765 simul
738 743 833 765 sumta
861 736 981 766 efficiant
1007 745 1025 771 4
1045 735 1090 764 Μ.
1121 735 1295 771 Applicetur
1326 735 1439 762 tandem
1469 734 1594 763 annulus

79 787 106 816 C
129 786 222 815 scalae
243 784 380 814 divisioni
407 795 464 822 12,
490 793 518 815 et
544 788 640 816 tabula
659 788 687 817 D
711 788 849 817 divisioni
874 789 921 825 36.
963 787 1016 815 Vis
1040 786 1220 816 acceleratrix
1247 795 1265 822 4
1291 785 1335 814 M.
1362 785 1454 813 totius
1483 793 1593 813 massae

79 837 116 874 64
136 837 183 866 M.
206 838 242 866 ad
269 836 355 866 finem
386 838 471 874 primi
497 838 567 868 min.
593 848 651 869 sec.
679 841 778 877 lapsus
801 839 831 869 in
858 840 965 869 annulo
989 838 1164 874 remanebit,
1194 844 1221 867 et
1248 838 1314 866 lanx
1341 837 1379 866 A.
1402 837 1457 865 fine
1478 837 1597 865 alterius

78 888 148 918 min.
172 897 231 918 sec.
253 889 377 918 tabulam
402 890 533 927 attinget.

114 940 248 969 Vidimus
270 948 340 980 pag.
361 949 394 977 19
419 941 587 971 velocitates
610 942 765 979 acquisitas
789 951 851 972 esse
877 951 911 971 12
934 942 1075 979 pollicum
1099 941 1206 977 quovis
1227 940 1295 969 min.
1323 947 1381 968 sec.
1406 939 1522 974 quando
1546 937 1593 966 vis

75 991 256 1021 acceleratrix
279 997 324 1021 est
348 1001 360 1020 1
378 991 425 1020 M.
447 994 498 1022 sed
522 993 551 1022 in
573 1003 642 1023 casu
661 1002 807 1032 praesente
823 995 869 1024 vis
891 995 940 1023 illa
958 994 1139 1023 velocitatem
1162 998 1263 1028 aequat
1283 999 1318 1026 24
1341 989 1497 1026 pollicibus
1520 997 1594 1024 quo-

74 1043 121 1072 vis
144 1043 214 1072 min.
240 1051 297 1073 sec.
338 1043 415 1072 Haec
440 1044 536 1081 itaque
555 1046 694 1075 velocitas
714 1049 750 1076 ad
773 1050 870 1085 illam,
893 1055 925 1077 ut
948 1057 964 1077 2
980 1057 987 1076 ι
1003 1057 1015 1076 1
1030 1068 1039 1082 ‚
1061 1048 1128 1075 dum
1152 1046 1226 1074 vires
1246 1050 1315 1073 sunt
1339 1049 1371 1072 ut
1393 1052 1434 1078 4:
1452 1052 1478 1072 1.
1519 1041 1595 1072 Sunt

79 1095 197 1133 itaque,
215 1094 318 1133 spatiis
341 1095 534 1134 aequalibus,
555 1098 724 1129 velocitates
743 1100 902 1137 acquisitae
918 1100 948 1129 in
968 1098 1078 1128 ratione
1099 1096 1303 1134 subduplicata
1326 1094 1444 1126 virium.

681 1201 816 1232 LEX
881 1201 978 1232 VII.

114 1286 241 1324 ,Quando
262 1286 317 1316 duo
338 1295 461 1326 corpora
480 1288 516 1324 64
537 1288 586 1317 M.
610 1295 638 1317 et
657 1291 692 1325 48
716 1290 764 1318 M.
789 1289 863 1319 idem
886 1291 1032 1328 spatium,
1062 1284 1091 1320 ν’.
1114 1299 1141 1318 c.
1168 1297 1200 1318 12
1219 1278 1376 1327 palmam,
1407 1286 1504 1315 eddam
1524 1284 1598 1314 velo-

171 1339 261 1366 citate
278 1346 480 1376 percurrunt,
502 1346 589 1368 crunt
609 1342 927 1382 vire51acceleratrices
949 1344 1028 1370 inter
1048 1352 1076 1370 se
1097 1343 1128 1370 in
1147 1342 1261 1370 ratione
1276 1348 1458 1374 massarum,
1485 1337 1519 1366 id
1540 1342 1596 1372 est,

172 1390 222 1417 hoc
241 1399 331 1426 casu,
354 1393 398 1420 uti
425 1400 443 1427 4
465 1400 472 1420 :
497 1400 524 1428 3.

116 1476 243 1509 Sequens
263 1478 360 1507 tabula
389 1479 509 1509 inservit
535 1480 729 1510 monstrandis
756 1480 878 1510 diversis
901 1482 1102 1519 experimentis
1131 1480 1166 1509 acl
1192 1480 1265 1507 hanc
1290 1477 1396 1515 Legem
1425 1475 1598 1514 probandam

79 1539 133 1567 ope
152 1530 304 1560 Machinae
325 1532 533 1563 Atwoodianae
555 1535 751 1564 instituendis.

229 1616 1422 1638 —————-—-—.-—-——=—-=——b

256 1672 342 1702 Vires
361 1675 466 1703 accele-
538 1676 652 1704 Massae
727 1674 813 1705 Ratio
831 1675 935 1704 virium
1018 1648 1115 1683 spana
1218 1646 1395 1725 Vellsscisstes

292 1726 421 1756 ratrices.
510 1728 676 1758 movendae.
770 1728 888 1757 acceler.
994 1706 1135 1763 '‘tempore
1202 1725 1203 1729 ’
1224 1707 1264 1734 ΡΟ
1289 1706 1328 1755 m.
1349 1705 1384 1725 us

978 1760 988 1779 1
1024 1757 1170 1787 percursa.
1246 1749 1376 1779 definitae

953 1812 1184 1827 ...-

316 1865 326 1886 1
354 1857 399 1886 M.
544 1859 579 1893 64
600 1857 645 1886 M.
998 1865 1030 1884 12
1052 1853 1153 1891 pollic.
1187 1844 1190 1872 Ι
1235 1862 1268 1882 12
1290 1853 1363 1889 poll.

314 1910 341 1944 1¹³
354 1908 401 1938 M.
542 1907 580 1946 96
999 1917 1032 1936 12
1194 1908 1197 1910 '
1236 1913 1273 1933 η

324 1965 337 1999 ἦ
349 1960 395 1989 Μ.
543 1962 578 1996 48
1002 1967 1035 1988 12
1237 1965 1270 1984 12

1551 2044 1602 2075 Fa-
