1913 2427
400 139 880 177 DrssEnTA‘rlo
945 137 1349 177 LITER‘ARI'AL‘
1589 138 1640 187 ,ἣ

450 250 468 267 ,‚
487 229 535 259 En
555 230 626 267 sagh
647 237 710 258 men
729 228 789 258 niet
808 237 883 258 meer
902 228 1043 265 swieren3

450 303 470 319 ‚‚
489 282 575 310 Noch
597 281 620 310 ’t
638 281 783 318 bloetzeyl
804 289 859 309 van
879 289 935 317 syn
955 281 1167 318 oorlogsvaen,

450 354 470 370 „
490 333 576 362 Noch
596 333 624 361 al
643 341 698 370 syn
718 334 770 362 roo
791 331 954 362 bannieren.

411 405 431 421 „
451 385 512 422 Syn
532 392 649 421 wapens
671 392 705 412 en
726 384 858 421 geslepen
877 383 948 412 stael

409 456 429 474 „
448 436 547 467 Sonck
565 441 625 466 met
645 444 700 473 syn
719 434 853 472 rustingh
874 433 1041 464 altemae1.”

122 553 125 556 Ι
138 513 270 555 Lucifer

483 612 502 628 ‚‚
521 590 671 628 Gezegent
691 597 730 626 zy
748 590 783 619 de
801 588 890 625 Heu,

486 662 505 678 ‚‚
525 642 579 672 Die
599 642 621 671 ’t
640 642 797 679 goddeloos
818 640 943 678 gewelt,

327 713 349 732 ‚,
367 694 415 725 En
434 702 496 732 zyn
516 694 630 731 maght‚
651 702 687 722 en
707 702 765 730 zyn
785 692 906 727 kracht‚
927 698 962 720 en
983 697 1042 728 zyn
1060 691 1213 729 standart,

485 767 506 782 ,‚
527 745 586 774 Ter
606 746 691 774 neder
709 743 787 773 heeft
807 744 911 780 gevelt.

488 817 507 834 „
526 797 581 826 Die
600 797 683 826 Godt
703 795 784 826 stack
803 803 868 823 naet
888 795 954 832 Zyn
972 795 1066 824 kroon

502 869 521 884 ‚‚
542 851 571 878 Is
593 849 635 877 nit
656 850 710 877 den
731 838 845 884 hoogen
865 848 951 875 tro'on
974 859 977 861 ·

334 920 353 937 „
371 899 434 930 Met
454 908 512 937 zyn
533 900 651 937 maght‚
672 899 703 928 in
723 899 775 928 den
796 898 902 934 ment,
924 896 1173 935 neergezoncken!

486 972 506 989 „
525 951 592 981 Hoe
610 951 722 980 blinckt
741 950 839 980 Godts
860 957 942 979 naem
961 957 1020 980 zoo
1039 946 1203 980 schoenv’

88 1034 129 1062 ‘et
144 1029 248 1068 pauno
268 1033 338 1067 post

484 1126 503 1144 ‚‚
518 1106 573 1137 Nu
592 1107 675 1144 zingt
694 1106 728 1135 de
746 1102 889 1135 Godtheit
907 1102 971 1133 lof!

485 1179 504 1195 „
524 1162 558 1189 In
576 1159 602 1187 ’t
621 1158 838 1188 onverwinbaer
857 1156 919 1185 hof.

318 1229 343 1247 η,
361 1207 433 1248 Prys
453 1217 489 1240 en
509 1218 554 1239 eer
573 1219 612 1248 zy
630 1211 685 1239 den
704 1210 780 1239 Heer
799 1209 868 1237 aller
887 1206 1014 1236 Heeren!

478 1282 497 1298 „
517 1262 568 1300 Hy
588 1261 665 1300 geeft
683 1270 737 1291 ons
758 1258 989 1298 zingensstof1”

128 1362 193 1393 'Sed
205 1363 262 1401 iam
275 1362 372 1400 satis,
392 1364 515 1401 opinor,
535 1365 603 1394 haec
621 1365 779 1395 ostendunt
795 1363 933 1393 maximas
949 1362 1079 1392 Paschae
1092 1360 1249 1398 imperitiae
1263 1366 1367 1396 notas,
1386 1358 1489 1389 ceteris
1506 1358 1629 1396 peritiae*

96 1421 162 1444 non
175 1421 285 1444 tantum
295 1436 306 1450 ‚
323 1416 372 1445 sed
389 1422 416 1444 et
430 1416 637 1453 praestantiae,
656 1417 802 1445 luculenta
817 1415 975 1452 specimina
992 1415 1087 1443 inesse
1100 1413 1282 1450 Tragoediis.
1321 1411 1363 1440 Ut
1379 1418 1448 1440 vero
1462 1417 1546 1438 nemo
1556 1417 1620 1446 per·

90 1465 236 1496 'fectionis
248 1468 361 1496 culmen
371 1488 381 1503 ‚
398 1467 427 1497 in
444 1475 502 1497 arte
515 1468 662 1504 qualibet,
680 1468 774 1505 primo
791 1468 903 1504 impetu
917 1466 1050 1503 attingit:
1066 1466 1105 1494 ita
1112 1465 1196 1494 etiarn
1211 1463 1320 1492 Noster
1333 1462 1363 1491 in
1376 1468 1435 1490 arte
1450 1469 1521 1495 sua,
1536 1459 1618 1488 lectis

97 1518 244 1547 veteribus
260 1540 270 1554 ,
293 1520 327 1547 ad
347 1528 405 1548 eam
428 1520 676 1557 magnitudinem,
697 1528 784 1556 quam
809 1519 895 1548 hodie
914 1519 997 1547 etiam
1022 1525 1136 1546 summo
1155 1516 1218 1553 jure
1238 1514 1374 1543 miramur
1383 1533 1397 1554 2
1419 1512 1525 1541 sensim
1557 1518 1620 1540 sen·

98 1569 214 1606 simque
236 1579 409 1607 progressus
437 1577 493 1600 est.
534 1572 622 1610 Quod
643 1578 676 1599 ut
700 1570 837 1600 omnibus
864 1571 1044 1605 innotescat,
1074 1568 1205 1597 Paschae
1228 1564 1470 1603 comparationem
1495 1562 1620 1598 aiiquam

94 1629 165 1651 rcum
186 1621 388 1659 Hierosolymis
408 1623 561 1658 Vastatis,
583 1629 610 1652 et
637 1623 725 1660 hujus
751 1621 949 1659 Tragoefflae,
979 1621 1051 1651 solis
1074 1620 1156 1649 lectis
1172 1619 1309 1653 Latinis,
1331 1615 1529 1652 conscriptae,
1549 1620 1617 1643 cnm

92 1681 156 1703 -una
178 1681 212 1702 ex
227 1674 284 1709 iis,
306 1682 398 1710 quas,
419 1675 501 1703 lectis
524 1674 706 1714 thaecorum
727 1673 854 1710 regulis,
875 1662 1072 1709 conscripsit,
1093 1671 1294 1700 instisuamus.

131 1724 194 1761 Jam
217 1725 315 1754 statim
338 1725 550 1763 Hierosolymas
572 1726 712 1755 Vastatas
733 1725 838 1762 legenti
862 1733 925 1755 sese
953 1724 1037 1753 offert
1061 1723 1119 1752 loci
1142 1722 1252 1757 uni-tas,
1280 1721 1310 1749 in
1331 1720 1467 1748 Veterum
1492 1716 1618 1754 Tragoe-

95 1775 155 1805 diis
178 1785 289 1813 semper
307 1783 455 1813 spectata,
477 1784 653 1815 tempusque
676 1777 866 1814 Tragicorum
892 1775 1050 1813 praeceptis
1071 1774 1331 1804 accommodatum.

139 1826 230 1856 Chori
248 1828 381 1857 nonnulli
397 1836 534 1866 apparent
553 1838 587 1858 ex
603 1829 804 1866 pulcerrimis,
825 1837 920 1864 neque
936 1836 945 1862 1
961 1827 1048 1857 sicuti
1064 1827 1094 1856 in
1111 1826 1250 1862 Pascha)
1266 1820 1474 1859 inexspectati,
1494 1820 1545 1850 sed
1559 1826 1615 1849 suo

96 1884 228 1916 tempore
244 1879 418 1908 carminibus
439 1880 572 1911 diverbia
591 1887 766 1918 separantes.
806 1883 840 1910 In
860 1879 974 1908 Pascha
990 1888 1049 1909 non
1071 1884 1182 1907 tantum
1193 1897 1204 1913 ,
1220 1877 1271 1905 sed
1287 1875 1316 1904 in
1330 1873 1430 1903 multis
1449 1872 1530 1901 etiam
1547 1879 1562 1899 e
1575 1877 1617 1899 re·

92 1929 277 1972 vceptior-ibus
292 1930 424 1959 Vondelii
441 1932 628 1970 Tragoediis,
653 1933 777 1962 Carmen
792 1931 941 1960 eboricum
959 1931 1151 1960 desideramus
1171 1928 1296 1965 ejtisdem
1313 1925 1380 1955 artis
1397 1930 1424 1953 et
1439 1922 1612 1960 elegantiae,

95 1975 225 2019 ejusdem
241 1982 341 2017 πάθους
361 1988 389 2011 et
407 1984 566 2022 ἐνεργείας,
586 1992 618 2014 ac
637 1983 863 2022 pulcherrimum
890 1982 982 2018 illud,
1009 1981 1041 2012 in
1062 1979 1267 2018 Hierosolymis
1295 1978 1419 2009 vastatis
1438 1973 1523 2005 famis
1543 1979 1620 2013 acer-1

874 2032 904 2063 D
924 2040 943 2060 α
1580 2022 1627 2056 bis
