1913 2427
326 105 811 140 DISSERTATIO
877 105 1417 143 PHILOSOPHICA.
1588 108 1633 153 39

114 214 141 232 ‚‚
160 196 196 225 ad
220 201 348 225 naturam
370 194 532 223 videantur.
549 192 569 205 ’⁹
584 191 687 229 (conf.
709 191 743 219 de
767 190 843 228 Offic.
866 190 888 219 Ι.
912 198 959 226 35.
980 192 1073 229 sqq.)
1114 213 1137 226 „
1154 192 1216 229 Jam
1244 200 1312 221 vero
1341 193 1451 221 animus
1477 201 1536 222 non
1567 202 1631 224 esse

123 267 147 285 ,‚
168 248 262 276 solum
279 267 294 282 ,
317 246 368 275 sed
398 245 480 274 etiam
510 242 737 280 cujusdammodi
768 241 850 270 debet
881 250 964 278 esse,
992 249 1024 272 ut
1052 250 1079 271 et
1110 234 1209 272 omnes
1238 252 1331 280 partes
1359 253 1426 273 suas
1454 244 1554 273 habeat
1582 245 1625 274 in-

114 319 145 335 ,„
167 299 313 333 columes,
343 303 369 325 et
392 297 426 325 de
447 296 604 325 virtutibus
626 295 704 324 nulla
722 292 806 322 desit.
817 292 837 304 '⁹

115 337 118 339 ³
155 349 315 377 Praecidere
334 347 449 376 Pisonis
466 355 626 376 sermonem
647 345 751 380 liceat,
772 350 805 374 ut
829 343 1022 380 explicemus,
1045 346 1122 381 quod
1146 352 1225 375 antea
1240 347 1295 383 J'arn
1313 345 1370 382 (de
1387 346 1454 374 Fin.
1477 345 1529 375 IV.
1555 349 1624 384 10.)

115 399 291 435 habuimus,
319 398 491 429 vocabulum
515 396 752 433 cujusdammodi.
794 394 900 424 Stoicis
929 402 956 423 et
977 396 1172 432 Peripateticis
1194 398 1322 433 placuit,
1348 405 1410 426 esse
1429 404 1494 431 res,
1516 402 1548 425 ut
1569 396 1630 425 ani-

117 458 196 480 mum
218 457 246 479 et
266 459 391 486 corpus,
413 458 484 484 quae
507 456 604 478 essent
624 446 870 484 cujusdammodi,
892 455 964 482 quae
982 456 997 475 a
1016 447 1134 477 Graecis
1158 449 1293 477 dicuntur
1311 452 1378 478 ποῖοι
1397 456 1477 477 τινας
1508 447 1554 476 his
1577 457 1629 484 opa-

95 538 99 541 ‚
115 507 266 538 ponuntur
280 503 317 532 τὰ
337 501 433 534 bin-me
457 501 576 538 ἔχοντα,
596 499 625 528 id
647 505 710 533 est,
735 506 806 534 quae
822 506 852 526 se
875 506 932 527 uno
951 499 1036 527 modo
1057 500 1178 535 habent,
1200 507 1250 528 seu
1274 507 1348 534 quae
1375 498 1545 534 simpliciter
1559 507 1629 528 con—

117 552 220 580 stituta
243 558 335 587 sunt,
361 560 412 581 nec
436 557 596 581 mutantur:
626 556 654 579 at
683 554 748 581 ποῖαι
778 555 847 579 sunt
876 557 927 584 ea,
954 557 1024 585 quae
1050 550 1120 579 bene
1147 556 1195 580 aut
1217 550 1290 578 male
1311 557 1342 578 se
1363 549 1465 577 habere
1487 555 1630 586 possunt:

117 601 179 631 vid.
205 602 342 639 Ariston}
361 604 394 630 in
426 603 561 639 Categor.
588 611 613 631 c.
635 609 660 637 7.
689 601 769 630 Plut.
797 599 831 628 de
847 602 920 629 virt.
946 610 1017 629 mor.
1044 609 1074 636 p.
1091 609 1156 637 443.
1188 602 1249 629 Cic.
1273 600 1367 631 Aemi.
1388 600 1412 628 1.
1434 609 1460 635 7.
1491 600 1525 628 de
1549 601 1630 631 Nat.

117 652 161 681 D.
184 652 222 681 ΙΙ.
246 661 293 689 37.
323 652 358 681 dc
378 655 444 682 Fin.
469 653 523 681 lV.
545 662 591 682 10.
626 652 733 681 Statuit
755 660 823 680 vero
851 651 907 679 hoc
933 658 1035 680 nostro
1063 652 1129 680 loco
1151 651 1236 687 Piso,
1265 660 1331 681 cum
1354 650 1465 680 animus
1488 659 1547 680 non
1568 660 1628 681 uno

114 711 228 740 semper
249 704 336 733 modo
357 712 388 732 se
405 703 524 738 habeat,
554 704 636 732 illum
653 704 713 740 ejus
736 702 836 731 debere
861 710 923 730 esse
953 702 1121 738 qualitatis,
1148 707 1287 738 ποιοτῆτος
1306 723 1318 738 ,
1347 708 1379 732 ut
1406 710 1506 731 omnes
1535 708 1634 738 partes

115 763 183 785 suas
203 754 304 784 habeat
327 755 508 789 incolumes,
530 761 557 782 et
579 755 613 783 de
635 753 792 783 virtutibus
816 753 894 782 nulla
916 753 1003 782 desit.

137 827 175 842 „„
190 807 293 842 Atque
317 805 378 842 (ita
397 805 514 843 pergit)
538 805 567 834 in
588 805 720 834 sensibus
741 811 785 833 est
807 812 858 832 sua
877 804 1023 840 cujusque
1033 804 1143 839 virtus,
1165 810 1198 832 ut
1216 804 1324 839 nequid
1340 804 1496 840 impediat,
1519 804 1634 840 quomi-

115 882 135 899 ,‚
153 868 214 891 nus
233 868 288 889 suo
311 866 411 887 sensus
437 857 562 893 quisque
586 864 701 885 munere
721 855 877 892 fungatur,
901 853 932 881 in
947 854 993 882 his
1018 855 1104 883 rebus
1123 855 1250 883 celeriter
1266 855 1455 891 expediteque
1472 854 1633 892 percipien-

111 932 135 951 2,
155 912 219 949 dis,
240 920 312 948 quae
331 908 478 949 subjectae
495 915 563 936 sunt
582 907 729 937 sensibus.
751 906 812 943 (ih.
833 913 862 933 c·
878 906 950 942 12.)
989 905 1022 933 In
1054 907 1249 935 enumerandis
1279 913 1373 936 autem
1402 907 1533 943 corporis
1555 915 1634 935 com-

112 984 135 1002 „
155 964 269 999 modis,
298 963 324 992 si
347 963 412 999 quis
437 960 664 999 praetermissam
687 968 703 988 a
729 958 814 987 nobis
838 957 1017 992 voluptatem
1047 957 1180 993 putabit,
1203 957 1233 986 in
1261 958 1341 986 aliud
1363 964 1478 993 tempus
1501 957 1633 993 quaestio

113 1033 134 1052 ‚,
153 1003 339 1044 differatur.”
359 1014 538 1050 (Tractatur
552 1022 580 1043 et
593 1011 768 1051 dijudica-ctu·
787 1008 824 1038 L.
846 1008 886 1036 Π.
910 1006 944 1036 τῖε
961 1008 1026 1038 Fin.
1048 1009 1172 1044 passim:
1194 1015 1222 1037 et
1245 1008 1301 1046 Off.
1326 1009 1349 1038 Ι.
1369 1009 1441 1046 30.)
1481 1029 1505 1044 „
1525 1008 1632 1037 Utrum

111 1084 133 1102 „
154 1066 229 1094 enim
252 1065 292 1094 sit
314 1067 450 1103 voluptas
472 1066 502 1094 in
522 1066 557 1094 iis
583 1065 691 1100 rebus,
718 1071 789 1099 quas
812 1059 919 1098 primas
940 1059 1097 1088 secundum
1125 1066 1255 1088 naturam
1285 1068 1346 1089 esse
1369 1059 1513 1095 diximus,
1543 1067 1631 1089 necne

111 1136 133 1152 „
151 1116 211 1151 sit,
237 1116 272 1145 ad
298 1116 344 1151 id,
367 1117 448 1153 quod
468 1117 597 1155 agimus,
625 1115 698 1144 nihil
722 1115 851 1143 interest.
896 1109 928 1139 Si
953 1109 1026 1139 enim
1052 1111 1109 1147 (ut
1140 1110 1210 1139 mihi
1240 1111 1354 1146 quidem
1373 1110 1541 1148 videtur‚)
1571 1118 1633 1139 non

112 1188 133 1205 „
152 1168 247 1204 explet
267 1167 343 1196 bona
363 1175 479 1197 natutae
502 1170 657 1204 voluptas,
675 1167 740 1203 jure
761 1162 961 1201 praetermissa
987 1169 1048 1192 estt
1077 1161 1122 1191 sin
1144 1169 1188 1191 est
1210 1162 1240 1191 in
1263 1170 1314 1198 ea,
1340 1163 1421 1198 quod
1445 1161 1560 1198 quidam
1579 1170 1635 1191 vo-

113 1238 133 1257 „
151 1219 234 1254 lunt,
259 1219 332 1248 nihil
356 1219 476 1256 impedit
501 1226 629 1249 nostram
644 1218 718 1246 hauc
735 1216 1022 1253 comprehensionem
1043 1217 1147 1246 summi
1170 1216 1259 1246 boni:
1282 1225 1355 1252 quae
1374 1217 1449 1246 enim
1471 1217 1634 1247 constituta

111 1289 135 1309 „
152 1277 239 1306 sunt,
259 1271 351 1307 prima
374 1278 508 1308 naturae,
529 1273 564 1300 ad
581 1279 612 1300 ea
630 1271 655 1299 si
674 1271 813 1306 voluptas
835 1269 1007 1303 accesserit,
1029 1276 1117 1297 unum
1132 1268 1252 1305 aliquod
1270 1269 1422 1300 accesserit
1443 1270 1631 1300 commodum

111 1342 131 1360 „
149 1321 300 1363 corporis,
331 1330 424 1357 neque
453 1331 512 1351 eam
542 1321 780 1350 constitutionem
811 1320 916 1349 summi
940 1319 1011 1348 boni
1026 1341 1036 1355 ,
1066 1328 1138 1356 quae
1158 1326 1203 1348 est
1226 1322 1401 1358 proposita,
1430 1322 1596 1351 mutaverit.
1611 1321 1632 1336 '¹

110 1373 160 1411 (c.
185 1374 257 1410 16.)
307 1393 325 1408 „
351 1373 391 1401 Et
415 1373 508 1402 adhuc
532 1373 644 1409 quidem
665 1374 703 1402 ita
723 1373 809 1402 nobis
838 1380 991 1408 progressa
1011 1371 1084 1399 ratio
1111 1378 1175 1407 est,
1201 1378 1234 1400 ut
1262 1380 1292 1400 ea
1317 1373 1468 1402 duceretur
1494 1373 1588 1401 omnis
1614 1381 1632 1402 a.

114 1423 246 1460 „prima
269 1425 518 1453 commendatione
537 1431 670 1453 naturae:
700 1433 778 1453 nunc
802 1430 896 1452 autem
920 1423 997 1452 aliud
1017 1424 1075 1460 jam
1098 1424 1311 1460 argumentandi
1339 1431 1494 1460 sequamur
1522 1432 1632 1460 genus,

111 1494 134 1515 -„
154 1482 188 1503 ut
212 1484 272 1505 non
297 1477 393 1504 solum
411 1497 422 1512 ,
444 1477 512 1512 quia
534 1485 589 1505 nos
611 1476 786 1513 diligamus,
812 1476 862 1504 sed
887 1475 954 1510 quia
979 1475 1120 1511 cujusque
1151 1474 1241 1510 partis
1268 1480 1386 1502 naturae
1406 1481 1433 1503 et
1459 1475 1488 1503 in
1511 1483 1634 1511 corpore

110 1545 133 1563 „
153 1532 181 1554 et
198 1526 226 1555 in
251 1527 349 1556 animo
371 1536 422 1556 sua
446 1535 578 1563 quaeque
600 1527 647 1556 vis
673 1528 733 1562 sit,
762 1526 870 1555 idcirco
896 1525 926 1554 in
951 1525 997 1557 liis
1017 1526 1103 1554 rebus
1132 1533 1243 1554 summa
1271 1532 1370 1554 nostra
1393 1532 1499 1562 sponte
1520 1534 1635 1554 movea-

110 1596 136 1614 ,η
154 1586 230 1607 mur.
269 1579 386 1614 Atque,
411 1585 442 1607 ut
463 1587 479 1607 a
504 1587 625 1615 corpore
646 1579 756 1613 ordiar,
779 1578 914 1612 videsne,
942 1583 975 1606 ut
996 1576 1021 1605 si
1048 1585 1103 1613 qua
1127 1577 1156 1605 in
1179 1576 1314 1605 membris
1341 1585 1443 1613 prava,
1473 1584 1522 1605 aut
1554 1576 1632 1605 debi-

111 1648 134 1665 m
153 1629 252 1665 litata,
280 1636 329 1658 aut
353 1629 503 1658 imminuta
529 1629 613 1664 sint,
644 1630 791 1657 occultent
823 1629 977 1657 homines?
1005 1636 1036 1657 ut
1057 1629 1139 1657 etiam
1160 1628 1334 1656 contendant
1362 1634 1388 1655 et
1412 1627 1574 1661 elaborent,
1604 1626 1631 1655 si

110 1700 136 1718 „‚
153 1681 260 1709 efficere
282 1681 416 1717 possint,
438 1687 470 1709 ut
492 1688 541 1709 aut
564 1689 623 1709 non
646 1686 777 1716 appareat
805 1679 936 1716 corporis
961 1679 1082 1715 vitium,
1109 1685 1158 1707 aut
1190 1687 1274 1715 quam
1300 1677 1451 1706 minimum
1474 1676 1628 1713 appareat?

111 1732 322 1768 „multosque
359 1732 441 1761 etiam
473 1732 586 1760 dolores
619 1731 778 1760 curationis
811 1739 895 1759 causa
926 1729 1085 1766 perferant,
1114 1735 1146 1757 ut
1177 1729 1201 1758 si
1229 1730 1292 1765 ipse
1324 1737 1396 1758 usus
1436 1728 1628 1757 membrorum

113 1802 136 1822 7,
154 1792 213 1812 non
234 1785 319 1813 modo
342 1793 401 1813 non
416 1785 527 1821 major,
552 1792 648 1812 verum
668 1784 749 1812 etiam
776 1784 890 1817 minor,
914 1782 1030 1809 futurus
1052 1780 1109 1815 sit,
1132 1788 1230 1808 eorum
1253 1786 1347 1810 tamen
1364 1780 1476 1816 species
1499 1780 1533 1807 ad
1547 1784 1631 1807 natu-

113 1852 137 1870 „
156 1842 213 1861 ram
234 1836 413 1864 revertatur?
454 1835 587 1870 Etenim,
619 1844 685 1864 cum
709 1843 808 1864 omnes
836 1840 936 1862 natura
956 1839 1036 1861 totos
1064 1840 1094 1860 se
1117 1832 1289 1868 expetendos
1313 1837 1435 1868 putent,
1464 1838 1514 1859 nec
1539 1830 1569 1858 id
1591 1829 1630 1858 ob

120 1902 139 1920 „
158 1883 238 1912 aliam
256 1892 332 1920 rem,
354 1886 404 1914 sed
421 1892 538 1922 propter
560 1886 664 1922 ipsos,
684 1893 802 1914 necesse
822 1891 885 1919 est,
911 1884 973 1920 ejus
996 1882 1078 1911 etiam
1100 1888 1193 1918 partes
1216 1889 1334 1919 propter
1357 1891 1388 1911 se
1415 1881 1525 1918 expeti,
1550 1879 1630 1916 quod

119 1953 140 1971 ,‚
160 1934 324 1964 universum
349 1942 467 1974 propter
493 1945 524 1966 se
551 1942 708 1975 expetatur.
751 1935 998 1975 Quemadmodum
1022 1935 1089 1972 quis
1112 1933 1261 1972 ambulet,
1290 1934 1403 1971 sedeat,
1438 1932 1488 1969 qui
1522 1932 1627 1960 ductus

1554 1987 1635 2019 oris,

463 2047 482 2056 ⁴-
