1913 2427
435 175 917 209 DISSERTATIO
984 179 1350 214 BOTANICA}
1631 196 1653 227 9

137 273 171 296 ut
200 271 375 302 quantopere
402 263 536 293 nonnulli
569 263 598 292 in
630 263 694 293 aliis
726 264 760 292 ab
789 263 824 292 iis
854 265 1056 302 discederent,
1096 274 1189 297 tamen
1231 268 1339 305 singuli
1373 268 1531 299 invenerint
1549 291 1559 306 ,
1598 271 1652 299 sal-

135 323 190 346 tem
213 315 400 351 retinuerint,
431 315 560 351 aliquid,
587 315 632 344 vel
659 324 674 343 a
700 315 881 354 Malpichio,
907 316 952 345 vel
977 318 1109 354 Grewio,
1137 321 1183 348 vel
1210 319 1466 356 hermamonem,
1497 323 1552 358 jam
1575 321 1647 351 indi-

131 375 238 398 catum.

170 421 253 459 Quae
273 429 339 449 cum
360 419 398 448 ita
421 419 498 454 sint,
529 428 614 455 quam
638 419 749 448 difficile
774 419 834 455 sit,
864 428 898 448 ex
926 425 1004 449 tanta
1027 427 1120 448 rerum
1151 420 1284 450 varietate
1306 428 1335 450 et
1364 424 1561 452 controversia
1590 433 1647 454 me-

132 474 204 502 liora
228 478 256 501 et
282 471 392 500 veriora
422 471 542 508 eligere,
572 471 740 505 luculenter¹¹
761 477 900 507 apparet:
928 471 1025 507 itaque
1053 472 1087 499 de
1111 480 1141 500 re
1166 472 1293 502 herbaria
1317 473 1388 502 bene
1411 475 1550 504 meruisse
1581 484 1648 505 cen-

134 524 243 553 sendus
267 529 312 551 est
339 522 384 551 Ill.
406 522 563 557 Kisserus,
592 522 643 558 qui
667 522 786 558 quaevis
812 529 990 551 momentosa
1019 522 1131 558 repetiit
1160 522 1190 551 in
1213 524 1372 559 plantarum
1402 525 1537 554 fabricam
1565 535 1650 564 expe-

130 574 276 608 rimenta,
304 574 411 608 cuique
443 573 530 609 hujus
554 573 692 609 Physices
719 572 808 601 studii
833 573 976 601 cultorum
1009 581 1077 602 suas
1107 573 1235 603 tribuens
1260 576 1376 611 laudes,
1403 583 1431 605 et
1450 578 1646 614 'singulorum

135 625 280 654 recensuit
309 630 483 660 systemata,
513 624 551 661 et}
574 624 707 661 plurimis
736 625 820 653 novis
853 624 1055 660 experimentis
1079 625 1239 660 plantarum
1270 625 1406 657 fabricam
1432 629 1542 665 egregie
1565 630 1648 659 illus-

127 676 214 706 travit
234 677 311 714 (5).

169 728 245 757 Ante
266 727 462 766 Malpichium
484 726 533 755 vix
560 726 697 762 fuerunt,
720 727 826 763 quibus
851 729 896 756 vel
912 728 985 757 levis
1016 728 1206 758 innotesceret
1235 730 1402 768 vegetabilis
1429 730 1554 761 fabricae
1575 741 1646 770 cog-

127 779 222 808 nitio:
251 777 355 807 Graeci
376 778 472 813 enim,
499 777 593 806 eximii
623 787 716 808 rerum
752 778 908 808 formarum
935 779 1133 809 observatores
1149 801 1159 815 ,
1187 781 1386 817 elegantesque
1410 784 1445 811 ad
1470 784 1568 812 vivum
1598 785 1645 813 de-
1679 811 1681 813 .

127 829 274 868 pictores,
298 837 355 857 non
383 829 496 864 quidem
518 830 701 865 neglexerunt
722 830 853 866 plantas,
881 831 915 859 de
935 839 1030 858 earum
1059 839 1126 859 vero
1147 831 1253 860 fabrica
1276 833 1382 861 nullam
1408 833 1536 863 fecerunt
1565 843 1641 864 men-

131 881 259 910 tionem:
281 880 472 916 Aristoteles,
496 881 582 909 modo
598 881 778 910 contineatur
791 882 821 910 in
841 881 1076 911 observationum
1101 890 1224 919 genere,
1243 890 1276 911 ut
1293 884 1327 912 de
1348 884 1411 913 aliis
1433 885 1517 914 rebus
1541 886 1645 923 Physi-

80 927 83 930 ’
126 933 190 968 cis,
212 932 251 961 ita
266 933 300 960 de
317 931 442 967 plantis,
465 931 662 960 memorabiles
678 932 764 961 refert
779 933 1014 968 observationes,
1036 940 1069 961 ut
1085 933 1119 962 de
1133 934 1291 962 earumdem
1307 935 1408 963 habitu
1418 956 1428 971 ,
1447 938 1543 966 colore
1558 939 1573 975 (
1582 939 1645 976 6);

129 983 243 1019 aliquot
266 984 378 1019 plantas
401 983 539 1010 describit
556 984 784 1021 Theophrastus,
806 984 857 1019 qui
878 990 905 1012 et
925 983 1055 1020 loquitur
1076 985 1109 1012 de
1131 985 1211 1013 fibris
1236 986 1396 1021 plantarum
1416 987 1470 1023 (αἱ
1490 990 1589 1025 ἱνὲς),
1610 990 1646 1019 de

129 1035 212 1064 venis
230 1033 369 1068 ramosis,
390 1033 583 1069 succulentis,
607 1034 659 1070 (ai
679 1035 812 1072 φλεβὲς)
829 1035 863 1062 de
875 1034 975 1071 ligno,
993 1035 1048 1071 (τὸ
1068 1036 1193 1073 ξύλον),
1216 1036 1250 1063 de
1269 1044 1368 1072 carne,
1391 1037 1430 1074 (ἢ
1445 1040 1539 1078 σὰρξ)
1555 1041 1572 1078 ζ
1581 1042 1645 1079 7)=

129 1085 272 1122 quicquid
290 1090 385 1113 autem
406 1091 582 1120 memorent,
612 1084 641 1113 id
668 1093 751 1114 omne
771 1085 895 1123 pertinet
920 1086 955 1113 ad
974 1085 1095 1114 formam
1115 1086 1276 1122 plantarum
1303 1094 1466 1126 externam3
1497 1099 1591 1127 neque
1614 1092 1645 1122 id

127 1137 251 1172 mirum,
271 1135 441 1173 ignorabant
464 1135 538 1164 enim
558 1142 730 1172 anatomen‚
750 1143 779 1166 et
800 1137 964 1174 indigebant
980 1136 1199 1173 microscopicis
1222 1138 1443 1176 instrumentis,
1464 1141 1574 1177 quibus
1590 1143 1649 1173 nisi

127 1189 196 1226 quis
214 1187 331 1225 optimis
353 1193 380 1215 et
401 1186 621 1223 perfectissimis
645 1195 759 1223 utatur,
784 1187 845 1217 fieri
867 1197 927 1218 non
943 1189 1024 1218 aliter
1040 1194 1160 1226 potest,
1188 1189 1259 1225 quin
1275 1198 1423 1227 nunquam
1445 1194 1593 1230 perveniat
1609 1195 1647 1226 ad

126 1240 256 1277 aliquam
280 1238 449 1276 vegetabilis
469 1245 631 1276 structurae
650 1239 877 1276 intelligentiam.

164 1291 295 1321 Multum
317 1290 454 1326 temporis
476 1291 635 1327 praeteriit,
664 1299 724 1327 quo
752 1292 900 1328 neglectus
921 1292 1027 1322 mansit
1054 1292 1146 1322 studii
1174 1293 1303 1323 botanici
1330 1295 1447 1333 cultus3
1475 1306 1637 1336 parumque

126 1343 199 1374 novi
224 1341 353 1371 additum
383 1341 440 1370 fuit
465 1347 593 1371 veterum
623 1342 856 1379 inventionibu53
886 1344 998 1373 tandem
1029 1345 1152 1374 surrexit
1183 1345 1228 1374 vir
1256 1346 1362 1376 doctus
1389 1354 1417 1376 et
1443 1349 1641 1386 philosophus

128 1400 254 1430 acutus,
274 1392 315 1422 A.
338 1392 540 1431 Caesalpinus,
562 1393 614 1430 qui
636 1394 670 1422 de
694 1393 802 1430 plantis
826 1394 949 1423 sedecim
970 1395 1148 1432 conscripsit
1171 1396 1283 1433 libros,
1311 1398 1491 1429 continentes
1520 1403 1647 1437 praecla-

123 1445 226 1474 rasde
245 1443 447 1480 vegetabilium
468 1444 672 1474 functionibus
689 1444 922 1482 observatione53
948 1446 1069 1476 leviores
1091 1453 1184 1477 autem
1207 1454 1295 1484 sunt,
1324 1458 1396 1484 quae
1418 1451 1540 1480 attinent
1561 1453 1642 1488 plan-

122 1501 216 1524 tarum
236 1494 383 1523 fabricam.

163 1545 291 1574 Hookius
310 1545 425 1582 adjutus
451 1546 646 1583 microscopio
669 1547 832 1576 observavit
861 1555 998 1577 vasorum
1024 1548 1173 1585 spiralium
1204 1550 1343 1586 maJorum
1373 1551 1501 1588 orificia,
1521 1562 1638 1590 parvas-

125 1605 183 1633 que
207 1597 344 1632 cenulas,
367 1596 496 1632 viditque
516 1597 546 1626 in
569 1597 650 1634 ligno
673 1598 830 1634 petrefacto
851 1598 969 1630 cellulas
985 1600 1105 1637 majores
1127 1608 1213 1636 quam
1237 1601 1267 1630 in
1289 1601 1438 1632 carbonem
1462 1612 1544 1633 verso
1559 1606 1636 1644 (8),

94 1677 98 1681 ,
127 1647 204 1678 Tum
229 1656 297 1677 vero
322 1648 353 1677 in
380 1648 472 1677 lucem
496 1648 644 1677 ediderunt
673 1649 817 1686 ingentem
846 1650 1072 1681 memorabilium
1099 1651 1355 1688 experimentorum
1386 1662 1533 1685 numerum
1554 1656 1638 1686 Mal·

1596 1716 1643 1748 pr-

153 1783 206 1812 (s)
219 1783 320 1806 mvl-and.
334 1790 374 1806 ran
389 1784 466 1811 Teylm
483 1785 563 1806 Taruda
581 1786 689 1813 emnam,
704 1785 783 1809 xvm.
802 1787 867 1810 stuk.
898 1787 1001 1810 memorre
1014 1793 1050 1808 sur
1064 1788 1217 1815 Pergamum
1231 1787 1264 1809 du
1278 1788 1377 1817 Planus,
1392 1795 1433 1817 par
1448 1791 1479 1813 D.
1496 1791 1525 1812 G.
1538 1791 1619 1816 Κίων.

156 1825 186 1850 (6
195 1830 204 1850 )
220 1826 310 1847 Arma.
329 1826 399 1856 pura
418 1827 498 1853 mnia,
513 1826 575 1848 Edit.
591 1828 677 1853 Duval,
694 1829 736 1858 ηιμ*
749 1829 882 1859 χρωμάτων,
900 1835 923 1856 p.
941 1834 995 1856 ¹209
1009 1835 1072 1856 seqq.

149 1866 200 1892 (7)
215 1868 298 1891 Kinn,
311 1867 326 1888 Ι.
343 1867 359 1887 l·
376 1873 398 1894 p.
415 1873 445 1893 4,
460 1871 481 1893 7.
1011 1866 1016 1870 ⁴

153 1906 205 1934 (8,
222 1909 308 1934 mem,
322 1908 337 1928 1.
354 1909 369 1929 1.
387 1915 408 1934 p.
423 1910 445 1930 6.
469 1909 531 1936 plura
550 1909 604 1932 huie
622 1909 700 1931 1100ho
718 1910 842 1936 debentur‚
866 1909 930 1936 cujus
954 1909 1022 1932 etiam
1041 1909 1151 1933 industria
1172 1915 1195 1932 et
1216 1908 1332 1938 Ingenium
1357 1910 1511 1942 mIcroscopln
1532 1917 1636 1937 emend·->

125 1953 176 1972 m
186 1954 196 1974 ;
211 1948 273 1970 cons.
289 1947 360 1969 curuli
377 1949 493 1977 sprengm'e
505 1951 561 1974 Ilm.
580 1953 621 1974 Μ
638 1951 759 1977 herbariae,
776 1952 841 1974 Tom.
856 1952 885 1976 11.
906 1954 1036 1985 p.·9—1=.

952 2005 974 2034 B
