1913 2427
212 141 301 179 14„
596 134 1355 169 PETRICAMPER

221 232 314 255 tamen
334 225 373 254 ita
388 232 418 255 se
432 232 476 253 res
493 224 598 259 habet,
620 230 653 252 ut
677 221 872 259 pulcerrimis,
896 228 923 249 et
938 220 974 249 ad
988 219 1107 250 affectus
1128 222 1284 250 movendos
1306 219 1453 257 aptissime
1476 221 1667 259 excogitatis,
1688 221 1734 252 lo·

224 278 267 306 cis
295 278 386 306 hocce
412 277 512 314 po'e'ma
540 283 661 312 prorsus
698 275 736 303 sit
765 273 948 302 destitutum.
989 271 1105 301 Eminet
1126 271 1223 307 enim,
1255 277 1286 299 ut
1309 273 1375 300 luna
1399 272 1471 301 inter
1491 273 1582 302 sidera
1603 274 1732 310 minora,

222 329 262 358 ita
284 329 358 358 inter
380 328 484 362 locos,
514 326 564 362 qui
586 326 736 362 legantur,
764 325 861 353 minus
888 324 991 360 dignos
1020 322 1249 359 elegantissimus
1281 323 1329 351 ille
1364 322 1507 358 simulque
1533 323 1738 353 artificiosissi-

226 389 290 410 mus
315 380 454 414 Chorus‚
484 378 593 414 primus
615 377 645 405 in
669 377 758 405 altero
782 382 849 404 actu
864 396 874 411 ‚
904 374 987 403 famis
1012 375 1082 403 mala
1104 380 1131 402 et
1156 381 1309 410 oppressae
1339 373 1418 402 urbis
1445 374 1616 403 calamitates
1640 374 1733 406 conti·
1755 387 1757 389 >

226 440 309 461 nens.
352 434 386 459 ln
407 429 513 465 dilogis
539 434 632 456 autern
657 427 722 456 finis
744 427 852 464 primae
869 435 969 456 scenae
988 426 1072 463 primi
1092 432 1192 460 actus,
1215 425 1264 460 qui
1287 425 1406 461 citetur,
1427 426 1629 462 dignissimus.

265 483 298 512 In
319 479 494 514 Palamede,
522 478 698 515 praescripta
717 484 843 506 veterum
870 477 1031 505 accuratius
1055 483 1083 505 ct
1106 476 1273 513 diligentius
1296 477 1494 505 observantur.
1536 476 1673 513 Optimus
1695 483 1739 506 est

223 533 385 572 prologus:
406 531 518 559 indoles
539 537 724 567 personarum
745 528 855 564 ubique
876 528 933 557 sibi
961 534 1110 557 constans.
1149 527 1315 564 Oppressus
1336 534 1365 556 et
1388 533 1505 556 cruenta
1526 535 1594 555 nece
1614 526 1740 555 trucida-

228 590 278 613 tus
302 584 347 612 vir
369 583 570 619 integerrimus
594 582 739 611 horrorem
761 580 960 617 spectantiBus
987 580 1102 608 incutit.
1173 587 1254 608 ecora
1277 578 1358 614 quies
1388 578 1530 614 principis
1555 578 1608 606 viri
1630 579 1686 615 jam
1709 578 1739 607 in

227 635 330 664 mortis
356 634 452 663 limine
475 633 597 669 stantis;
619 633 714 669 ipsius
734 631 819 662 verba
839 632 926 670 (10)
946 640 1010 660 cum
1040 631 1168 659 Socratis
1194 630 1223 658 in
1248 638 1356 659 carcere
1380 629 1467 658 dictis
1496 629 1582 666 (11)
1603 629 1662 665 pari
1685 639 1740 658 nu-

229 694 306 714 mero
329 685 384 714 fere
408 685 552 720 habenda3
575 684 712 721 dignum,
741 682 816 712 falso
840 682 1042 711 accusantibus
1061 681 1202 716 inimicis,
1231 680 1396 716 silentium,
1423 682 1468 709 vel
1493 680 1660 710 brevissima
1681 681 1738 717 (ut

228 745 282 774 pro
308 745 337 765 re
356 736 444 765 nullis
467 735 639 772 argumentis
660 736 780 771 egente)
797 742 954 769 responsag,
974 733 1085 762 animus
1107 732 1216 760 nullius
1237 732 1293 760 sibi
1311 731 1450 760 conscius
1471 731 1557 767 mali,
1578 732 1741 762 admiratio-

227 796 313 822 nem,
335 787 546 822 adorationem,
568 786 704 821 inquam,
732 784 788 813 sibi
807 790 935 813 nostram
957 785 1130 820 deposcunt.
1179 783 1317 812 Animum
1345 789 1450 810 terrore
1469 784 1595 818 complet
1621 792 1740 819 oppres-

227 847 327 868 sorum
347 838 451 867 nefaria
477 837 644 866 crudelitas.
685 835 816 872 Neptuni
839 835 982 872 praedicta
1003 836 1037 864 de
1059 834 1196 863 Numinis
1228 833 1297 862 laesi
1314 833 1460 868 vindicta,
1489 834 1566 861 calce
1588 835 1740 864 scelerato-

229 898 293 919 rum
318 890 422 918 calcem
445 895 609 925 premente,
630 888 752 918 demissa
770 893 868 916 nostra
894 893 922 915 et
942 886 1137 924 indignatione
1152 885 1290 914 tumentia
1308 885 1470 921 praecordia
1488 884 1593 913 sensim
1617 886 1738 914 sensim-

229 949 285 977 que
309 940 460 969 deliniunt.
504 940 620 968 Chorus
642 939 757 968 tertium
781 945 876 967 actum
899 938 1094 973 concludens,
1124 937 1202 965 omni
1223 936 1305 964 laude
1324 935 1415 972 major
1436 935 1566 970 videtur,
1591 936 1682 972 (licet
1706 936 1737 966 in

227 991 326 1020 eodum
350 996 450 1019 contra
467 990 606 1026 temporis
624 990 741 1027 locique
763 990 888 1019 colorem
912 990 1079 1026 peccetur).
1119 987 1277 1025 Appendix
1295 995 1362 1015 vero
1385 986 1451 1021 illa,
1473 994 1530 1022 qua
1555 995 1590 1015 ex
1611 986 1737 1016 Graeco-

226 1051 288 1071 rum
314 1041 434 1076 castris,
454 1042 537 1070 nullo
560 1042 689 1070 adhibito
713 1042 897 1075 intermedio,
918 1040 947 1069 in
969 1040 1087 1068 Priami
1110 1039 1212 1076 regiam
1234 1037 1408 1074 migramus,
1429 1037 1524 1066 minus
1546 1038 1656 1074 placet3
1686 1038 1739 1067 ob·

227 1094 329 1130 strepit
355 1093 430 1122 enim
451 1093 506 1122 loci
521 1094 642 1122 um'lati.
686 1093 820 1122 Ceterum
843 1091 1013 1129 pulcerrima
1027 1091 1082 1121 ista
1103 1089 1264 1128 Tragoedia
1283 1097 1338 1118 nos
1352 1088 1472 1118 invitare
1490 1088 1623 1126 videtur,
1647 1090 1681 1118 ad
1695 1098 1739 1119 so-

227 1145 372 1182 quendutn
395 1145 425 1174 in
450 1144 578 1173 ulteriori
602 1145 661 1174 vita

557 1221 674 1260 Justutn
695 1228 723 1251 et
744 1229 869 1251 tenacem
890 1221 1035 1259 propositi
1053 1220 1168 1256 virum,

418 1279 501 1308 quem
597 1273 667 1303 Non
688 1273 796 1302 civium
817 1275 900 1303 ardor
919 1282 1006 1309 prava
1022 1273 1207 1309 jubentium,

642 1324 712 1353 Non
732 1325 832 1352 vultus
851 1324 986 1353 instantis
1005 1323 1118 1359 tyranni

691 1375 791 1404 Mente
812 1375 905 1411 quatit
925 1374 1028 1403 solida.
1049 1391 1086 1395 -—
1106 1373 1192 1410 (ια)

268 1451 314 1481 De
333 1450 470 1489 Gysberto
501 1451 657 1481 Aemstelio
679 1451 765 1481 verba
786 1451 841 1480 viri
867 1459 1014 1486 nunquam
1038 1459 1097 1480 non
1126 1449 1284 1484 laudandi,
1314 1448 1446 1486 Hugonis
1471 1448 1587 1485 Groui,
1615 1452 1740 1488 proferre

229 1503 324 1531 liceat.
365 1503 393 1531 Is
420 1511 454 1531 ex
480 1503 606 1532 Lutetiis
631 1503 815 1532 Parisiorum
837 1503 876 1531 ita
900 1502 958 1531 fere
986 1503 1021 1531 ad
1050 1501 1238 1535 Vondffium,
1267 1499 1354 1528 missa
1376 1499 1432 1528 sibi
1451 1501 1537 1529 hacce
1561 1501 1739 1540 Tragoedia,

228 1552 346 1588 scripsit
371 1554 470 1589 (13):
510 1573 528 1588 „
548 1553 665 1590 Quodsi
691 1554 724 1582 de
748 1561 833 1590 opere
857 1553 935 1589 isto,
965 1561 1038 1589 quae
1059 1552 1152 1582 sentio
1167 1573 1178 1587 ‚
1206 1551 1283 1580 effari
1304 1551 1387 1579 velim
1405 1571 1415 1586 ‚
1443 1551 1549 1588 timeo,
1576 1561 1612 1582 ne
1642 1553 1671 1583 in
1692 1562 1738 1584 me

234 1623 254 1638 „
274 1603 402 1639 suspicio
423 1603 549 1639 incidat,
578 1604 764 1633 dedicationis
781 1604 906 1633 officium
928 1603 1029 1639 elogiis
1049 1603 1148 1638 aliquo
1170 1602 1256 1630 modo
1280 1602 1495 1637 remunerandi,
1525 1604 1624 1638 quod,
1647 1612 1740 1641 neque

233 1674 252 1690 „
272 1655 324 1683 hac
345 1663 437 1691 neque
461 1655 514 1684 alia
542 1655 607 1690 via,
635 1663 678 1684 me
703 1657 861 1684 secundum
885 1654 983 1683 merita
1016 1662 1123 1690 posse‚
1153 1653 1258 1682 sentio.
1289 1669 1327 1676 —
1355 1652 1439 1689 Opus
1461 1653 1553 1690 illud,
1585 1655 1697 1691 optimo
1712 1662 1742 1684 et

236 1725 255 1741 „
275 1706 487 1742 elegantissimo
515 1706 638 1743 partium
669 1715 763 1740 nexu..
791 1706 931 1742 sapienter
953 1705 1083 1741 quaesito
1114 1710 1305 1741 argumenm,
1334 1711 1431 1734 tenero
1458 1704 1612 1735 affectuum
1641 1713 1744 1744 motu,

239 1776 258 1792 ‚.‚
277 1757 496 1793 fluentissimis,
517 1759 568 1787 sed
588 1765 615 1787 et
635 1758 903 1797 conjunctissimis,
925 1757 1078 1793 versibus,
1099 1756 1226 1792 undique
1249 1756 1364 1786 eminet.
1373 1755 1392 1769 ’'

1706 1810 1748 1842 Et

264 1870 330 1898 (ιο)
346 1872 397 1892 Act.
411 1871 450 1893 m.
472 1872 510 1894 Se.
523 1877 542 1898 3.

262 1911 329 1936 (ιι)
344 1911 396 1933 Vid.
414 1912 473 1933 Ptau
486 1913 508 1934 in
525 1914 626 1941 Apalcgta
641 1915 730 1937 Socrui:
742 1919 765 1937 et
778 1914 936 1944 Euthyphnm,
951 1915 1042 1945 passim.

243 1966 246 1969 .
265 1950 332 1978 (υ)
347 1953 396 1974 Hor.
413 1952 454 1974 Od-
472 1954 496 1976 L.
511 1955 548 1975 lll.
568 1956 610 1977 Od·
627 1961 649 1983 3.

261 1993 307 2020 (¹³
317 2007 328 2022 ¹
343 1993 452 2015 Brundu’m
467 1996 489 2016 iu
505 1996 558 2017 rin»
