1913 2427
129 825 183 881 Si
205 838 265 884 qui
303 843 446 870 vestrum
487 846 645 880 umquam
680 835 745 869 ΑΛ.
772 835 859 867 illius
893 837 1029 867 oratoris
1066 834 1211 867 officium
1244 834 1305 866 rite
1343 830 1601 870 considerarunt,

129 898 183 929 cui
225 894 406 928 Academici
441 894 587 926 muneris
631 893 771 925 adeundi
806 903 915 925 caussa
953 904 1013 936 pro
1055 893 1210 924 concione
1240 889 1413 923 dicendum
1444 889 1502 927 sit;
1531 897 1600 919 eos-

127 954 203 986 dem
248 952 336 984 haud
384 951 557 983 difficulter
606 951 687 982 mihi
730 949 1008 994 obtemperaturos
1056 950 1206 982 existimo
1224 972 1235 988 ‚
1275 948 1358 979 hanc
1402 945 1602 990 provinciam

130 1021 231 1043 unam
263 1009 411 1041 omnium
440 1008 698 1040 molestissimam
733 1014 765 1039 et
795 1008 1014 1051 gravissimam
1057 1017 1124 1038 esse
1159 1004 1392 1048 pronuntianti.
1449 1004 1531 1033 Nam
1557 1000 1602 1031 si-

130 1078 170 1099 ve
206 1066 270 1098 loci
292 1066 542 1103 auctoritatem,
573 1065 641 1095 sive
681 1064 865 1096 auditorum
899 1064 1088 1106 dignitatem
1104 1086 1114 1101 ,
1151 1063 1218 1095 sive
1258 1061 1411 1094 orationis
1439 1057 1602 1091 habendae

130 1124 290 1166 rationem
337 1121 539 1164 formamque
586 1120 798 1164 contemplari
845 1120 952 1159 velis;
999 1119 1216 1163 inexplicabili
1266 1119 1342 1150 haec
1387 1117 1497 1150 omnia
1536 1114 1603 1146 ein·

127 1187 178 1213 cta
208 1187 240 1212 et
274 1178 401 1210 obsessa
428 1184 504 1209 sunt
533 1178 794 1221 gravissimarum
825 1188 934 1209 rerum
966 1176 1163 1210 difficultate.
1228 1177 1358 1219 Quippe
1391 1185 1430 1206 eo
1464 1173 1499 1217 in
1530 1171 1604 1202 loco

129 1238 254 1282 positus
281 1242 328 1268 est
349 1241 477 1273 orator,
500 1234 588 1265 unde
608 1234 945 1277 eloquentissimorum
964 1236 1109 1265 virorum
1137 1233 1362 1265 facundissima
1386 1242 1451 1263 vox
1467 1228 1508 1261 ab
1525 1238 1604 1260 aevo

127 1305 197 1326 non
219 1294 289 1325 sine
309 1302 424 1335 magna
449 1290 660 1322 admiratione
685 1290 793 1322 audita
821 1297 886 1322 est:
909 1301 978 1322 eam
1017 1302 1097 1322 vero
1126 1291 1314 1322 concionem
1344 1287 1406 1320 sibi
1432 1284 1605 1319 circumfu-

129 1362 198 1383 sam
222 1350 324 1382 cernit
370 1347 463 1391 cujus
485 1348 645 1391 judicium
669 1359 736 1379 non
754 1347 859 1379 solum
881 1358 1075 1391 magnopere
1100 1346 1357 1391 suspiciendum,
1378 1355 1491 1376 verum
1509 1343 1606 1374 etiam

132 1405 405 1439 extimescendum
450 1412 564 1449 putet:
602 1404 731 1436 dicendi
769 1404 908 1448 denique
943 1404 1102 1447 ejusmodi
1136 1405 1326 1448 plerumque
1361 1409 1409 1433 est
1441 1399 1607 1444 proposita

132 1465 299 1501 materies,
323 1470 377 1501 ut,
401 1463 429 1494 si
448 1463 500 1495 vel
522 1461 662 1493 maxime
684 1469 818 1493 conatus
842 1462 904 1505 ipsi
930 1472 969 1493 ex
995 1468 1073 1492 voto
1101 1462 1300 1499 successerit,
1331 1459 1470 1491 oratorio
1497 1465 1605 1488 tamen

134 1521 263 1553 muneri
286 1527 318 1551 et
344 1519 528 1551 auditorum
546 1518 678 1550 auribus
703 1529 819 1562 parum
843 1517 1026 1550 satisfecisse
1047 1518 1255 1549 existimetur.
1307 1518 1352 1547 Ex
1380 1515 1428 1547 his
1453 1513 1609 1545 molestiis

130 1588 231 1621 quam
251 1584 394 1608 extremo
414 1576 487 1607 loeo
512 1576 778 1614 commemoravi,
799 1575 914 1608 eadem
928 1575 1119 1619 ampliorem
1143 1574 1255 1618 paullo
1283 1572 1526 1604 declarationem
1551 1581 1606 1602 ex-

133 1633 403 1677 plicationemque
426 1632 593 1665 desiderat.
630 1632 727 1673 Quod
744 1633 813 1664 aliis
837 1632 908 1664 licet
928 1632 1055 1675 publice
1078 1631 1229 1670 dicturis,
1246 1637 1283 1662 ut
1301 1635 1527 1673 argumentum
1546 1626 1608 1658 sibi

137 1697 266 1722 sumant
290 1690 508 1728 tractandum,
535 1690 703 1722 concionis
732 1689 928 1729 rationibus,
950 1689 1116 1726 sensibus,
1138 1689 1287 1731 ingenio,
1314 1686 1472 1729 imprimis
1498 1691 1610 1728 aptum

138 1754 171 1779 et
204 1747 497 1785 accommodatum3
521 1747 618 1789 hujus
647 1746 778 1790 quidem
809 1747 954 1786 maiori,
984 1746 1208 1777 Academicum
1226 1755 1345 1776 munus
1365 1743 1539 1774 solenniter
1559 1752 1610 1772 au·

136 1804 317 1847 spicatum,
339 1815 407 1835 non
433 1810 480 1835 est
500 1803 599 1835 libera
621 1814 769 1835 concessa
791 1803 934 1836 facultas.
983 1805 1108 1846 Nempe
1129 1803 1204 1834 artis
1222 1801 1308 1832 illius
1333 1807 1387 1832 aut
1406 1798 1611 1842 discipliuae,

139 1871 237 1903 quam
259 1860 447 1904 profitetur,
468 1860 591 1892 finibus
619 1860 764 1903 undique
790 1861 1072 1893 circumscribitur.
1122 1861 1211 1890 Hanc
1233 1865 1270 1889 ut
1298 1857 1405 1888 laudet
1433 1863 1464 1888 et
1498 1863 1608 1893 ornet,

139 1927 179 1949 ex
206 1918 264 1950 hac
283 1924 321 1950 ut
348 1917 524 1950 disserendi
547 1916 611 1950 sibi
643 1917 969 1961 materiem‘ileligat‚
999 1917 1097 1960 hujus
1122 1923 1160 1949 ut
1181 1927 1214 1948 se
1234 1916 1374 1959 peritum
1396 1913 1611 1951 demonstret,

920 1976 952 2007 A
977 1974 996 2005 3
1541 1980 1612 2002 non
