1913 2427
219 146 270 171 v¹¹22
594 130 1433 166 J.R.THORBECKE

232 245 258 261 „
278 223 354 258 deri,
385 229 444 251 eam
467 220 555 250 nobis
587 218 774 256 potissimum
804 218 951 255 probatam
982 226 1043 246 esse
1072 217 1311 253 Philosophiam,
1339 225 1410 253 quae
1435 217 1528 246 lucem
1556 217 1692 253 eriperet,
1711 221 1742 247 et

233 295 256 311 :n
278 274 362 310 quasi
383 280 495 302 noctem
521 271 670 308 quamdam
693 271 777 298 rebus
806 269 983 304 offunderet,
1014 270 1195 303 desertaeque
1217 268 1406 309 disciplinae,
1433 274 1461 296 et
1488 269 1545 305 jam
1570 268 1676 303 pridem
1701 276 1746 297 re-

230 347 255 362 „
276 325 377 361 lictae,
400 323 591 361 patrocinium
615 331 665 351 nec
691 321 841 358 opinatum
864 329 879 349 a
901 320 988 349 nobis
1019 329 1080 349 esse
1102 325 1283 355 susceptum.
1312 320 1366 356 (c.
1389 322 1441 356 5.)
1481 319 1541 357 Qui
1572 325 1664 348 autem
1688 319 1747 347 mi·

232 398 256 414 ,,
277 383 393 411 rantur,
414 384 468 404 nos
491 375 562 403 hane
586 373 771 410 potissimum
795 371 977 408 disciplinam
999 378 1132 406 secutos,
1153 371 1199 399 1115
1222 376 1346 406 quatuor
1369 369 1547 399 Academicis
1572 369 1654 399 libris
1673 370 1744 399 satis

232 449 256 464 ‚‚
277 435 447 464 responsum
472 425 595 454 videtur.
609 423 635 459 ’'-7
675 423 786 461 (Quod
811 423 883 451 enim
913 431 1003 460 genus
1031 422 1257 460 philosophandi
1290 421 1406 450 minime
1431 429 1585 458 arrogans,
1613 420 1747 450 maxime-

236 488 292 516 que
323 485 351 507 et
384 484 521 507 constans
549 468 585 504 ‘et
617 476 729 512 elegans
765 474 972 511 arbitraretur,
1008 474 1038 503 id
1065 473 1242 503 Academicis
1278 472 1360 501 libris
1394 472 1551 502 ostendisse
1583 479 1614 500 se
1647 477 1744 500 censet

236 530 365 564 Tullius,
388 529 444 566 (de
468 527 572 556 Divin.
601 526 638 556 11.
663 527 713 562 1.)
735 534 845 562 proque
867 526 1018 554 Academia
1041 535 1111 562 quae
1136 525 1254 554 dicenda
1275 530 1387 558 essent,
1413 523 1482 552 satis
1504 529 1635 552 accurate
1657 523 1687 552 in
1711 523 1748 552 iis

220 580 406 620 explicasse.
438 578 541 611 (Tusc.
572 577 612 614 Q.
642 577 680 606 ΙΙ.
708 578 769 613 2.)
810 598 832 612 ,,
853 576 915 605 Nec
948 586 1015 606 vcro
1053 578 1222 606 desertarum
1259 576 1478 610 relictarumque
1505 582 1598 602 rerum
1626 574 1754 610 patroci-

236 652 260 668 ‚,
281 631 360 659 nium
386 629 588 665 suseepimus3
611 636 670 657 non
695 628 770 656 enim
798 628 946 657 hominum
977 627 1093 656 interitu
1123 626 1280 656 sententiae
1303 634 1420 662 quoqne
1444 625 1601 660 occidunt,
1629 625 1682 654 sed
1704 625 1749 653 lu-

237 703 261 718 „
282 691 342 710 cem
365 680 492 710 auctoris
514 679 639 708 fortasse
670 679 845 714 desider-ann
877 686 910 707 ut
935 679 1003 707 haee
1036 679 1065 707 in
1094 678 1285 714 Philosophia
1315 677 1388 706 ratio
1418 683 1518 705 contra
1544 676 1639 705 omnia
1663 676 1754 705 disse-

239 749 262 766 „
282 730 379 765 rendi,
400 730 565 765 nullamque
590 738 645 758 rem
672 736 767 765 aperte
785 730 948 766 judicandi,
971 729 1098 764 profecta
1116 738 1131 757 a
1149 730 1286 764 Socrate‚
1307 728 1425 765 repetita
1448 727 1482 756 ab
1507 727 1663 762 Arcesila,
1684 735 1755 756 con-

240 802 264 819 „
286 781 393 809 firmata
410 790 425 809 a
443 781 615 816 Carneade,
637 789 731 816 usque
753 781 786 809 ad
810 786 934 809 nostram
957 780 1051 816 viguit
1066 786 1199 808 aetatem:
1223 787 1307 815 quam
1330 787 1406 807 nunc
1427 779 1632 815 propemodum
1657 777 1756 807 orbam

241 852 265 868 9,
286 841 348 860 esse
368 832 397 861 in
424 834 486 868 ipsa
509 832 629 861 Graecia
651 831 801 868 intelligo:
825 831 904 867 quod
928 840 987 860 non
1008 830 1176 860 Academiae
1197 831 1291 866 vitio,
1320 830 1370 858 sed
1394 829 1697 858 tarditatehoniinum
1713 837 1757 857 ar-

242 896 266 920 „
287 883 379 912 bitror
400 883 568 919 contigisse.
609 883 680 911 Nam
693 903 704 918 ,
729 882 751 910 si
772 883 899 919 singulas
929 882 1097 918 disciplinas
1115 882 1258 919 percipere
1279 888 1412 917 magnum
1439 885 1503 914 cst,
1534 887 1644 914 quanto
1665 881 1757 916 maJ'us

244 955 267 969 .‚‚
289 943 406 962 omnes:
432 935 509 969 qnod
536 934 626 962 facere
650 934 683 962 iis
707 941 821 961 necesse
847 940 909 968 est,
940 933 1045 968 quibus
1068 933 1251 969 propositum
1283 938 1348 965 est,
1374 930 1432 958 veri
1461 930 1617 965 reperiendi
1648 938 1756 965 causa,
1798 943 1801 946 >

245 1006 268 1021 ‚‚
290 992 317 1013 et
336 991 435 1014 contra
453 993 551 1013 omnes
569 985 783 1020 philosophos,
806 990 833 1012 et
858 993 910 1019 pro
932 984 1085 1019 omnibus,
1112 984 1214 1012 dicere.
1255 983 1350 1019 Cujus
1369 981 1408 1009 rei
1433 987 1545 1014 tantae,
1565 987 1682 1016 tamque
1701 979 1758 1009 dif-

243 1057 266 1071 ,,
288 1036 372 1065 iicilis
393 1035 556 1065 facultatem
573 1057 582 1072 ‚
611 1041 798 1064 consecutum
825 1044 887 1064 esse
909 1044 952 1064 nie
977 1044 1035 1064 non
1053 1035 1210 1071 profiteor,
1239 1039 1369 1061 secutum
1397 1040 1459 1060 esse
1484 1039 1550 1068 prae
1571 1039 1629 1059 .me
1656 1030 1757 1061 fero.’'

246 1087 355 1125 (Tusc-
376 1086 415 1115 V.
436 1088 483 1123 4.)
523 1108 546 1123 „
567 1088 699 1116 Socrates
711 1102 747 1107 —-
765 1087 875 1122 primus
888 1086 1106 1122 Philosophiam
1124 1085 1275 1114 devocavit
1291 1092 1305 1112 e
1320 1084 1421 1118 coelo,
1443 1089 1470 1110 et
1486 1083 1515 1111 in
1531 1082 1651 1110 urbibus
1667 1083 1768 1124 collo,

248 1160 271 1175 ,‚
293 1138 383 1173 cavit,
405 1144 433 1165 et
455 1136 484 1165 in
509 1138 614 1166 domus
641 1137 723 1165 etiam
745 1137 923 1172 introduxit,
952 1144 979 1166 et
1002 1138 1097 1174 coe'git
1126 1137 1161 1165 de
1188 1136 1248 1165 vita
1277 1142 1304 1164 et
1329 1134 1478 1169 moribus,
1508 1133 1652 1168 rebusque
1675 1133 1760 1162 bonis

249 1211 272 1227 ,‚
292 1197 319 1218 et
339 1189 437 1223 malis,
462 1196 608 1223 quaerere:
629 1189 714 1225 eujus
731 1188 881 1224 multiplex
905 1188 975 1217 ratio
995 1187 1180 1224 disputandi,
1202 1195 1352 1222 rerumque
1375 1185 1514 1219 varietas,
1536 1190 1563 1213 et
1581 1183 1687 1220 ingenii
1705 1192 1763 1213 ma·

252 1262 275 1277 „
296 1240 437 1277 gnstudo,
457 1238 590 1268 Platonis
607 1239 741 1268 memoria
760 1245 786 1267 et
807 1239 896 1267 literis
914 1247 1096 1273 consecrata7
1117 1239 1198 1274 plura
1215 1246 1315 1274 genera
1335 1236 1427 1265 effecit
1447 1235 1678 1264 dissentientium
1699 1235 1765 1264 Phi-

250 1313 274 1329 „
294 1291 497 1327 losophorum.
537 1290 562 1318 E
586 1290 693 1325 quibus
712 1299 766 1319 nos
788 1290 816 1318 id
836 1291 1021 1325 potissimum
1047 1289 1196 1319 consecuti
1221 1297 1341 1323 sumus,
1364 1296 1423 1323 quo
1449 1288 1596 1315 Socratem
1619 1294 1702 1314 usum
1719 1294 1764 1314 ar-

252 1363 275 1379 „
296 1342 486 1375 biti-abamur‚
509 1347 541 1369 ut
565 1347 691 1370 nostram
710 1341 769 1377 ipsi>
788 1341 954 1369 sententiam
975 1348 1150 1377 tegeremus,
1172 1348 1264 1368 errore
1283 1340 1355 1367 alios
1380 1339 1555 1371 levaremus,
1578 1343 1605 1365 et
1629 1337 1659 1365 in
1683 1337 1763 1366 omni

253 1415 277 1431 9,
298 1392 508 1429 disputatione,
532 1392 603 1427 quid
620 1398 694 1420 esset
710 1391 888 1419 simillimum
909 1391 986 1426 veri,
1010 1399 1215 1427 quaereremus.
1257 1390 1349 1427 Quem
1372 1397 1493 1423 morcui„
1515 1395 1581 1415 cum
1602 1384 1767 1417 Cat-nebda

253 1466 276 1481 ,‚
298 1443 463 1472 acutissime
492 1442 750 1478 copiosissimeque
771 1442 929 1477 tenuisset,
962 1441 1082 1470 fecimus
1104 1458 1140 1464 -
1161 1450 1244 1478 saepe
1265 1458 1302 1462 ——
1324 1447 1355 1469 nt
1378 1441 1412 1468 ad
1443 1448 1501 1467 cam
1529 1439 1767 1469 consuetudinem

253 1517 277 1532 ‚‚
298 1492 547 1530 disputarennis.”
570 1492 688 1530 (Conf.
706 1494 786 1521 Tusc.
800 1494 881 1530 l.4.)
903 1509 940 1516 —
957 1493 1027 1526 <De
1043 1493 1146 1523 Divin.
1165 1493 1199 1522 lI.
1211 1493 1278 1529 72.)
1318 1492 1425 1527 „Cum
1442 1491 1589 1526 proprium
1608 1496 1646 1518 Sit
1662 1490 1772 1519 Acade-

256 1545 388 1583 ‚juliae³
407 1544 547 1582 judicium
572 1552 656 1572 suum
680 1544 793 1572 nullum
816 1543 1013 1579 interponere,
1035 1552 1065 1572 ca
1085 1544 1224 1580 probare,
1255 1551 1326 1579 quae
1347 1541 1492 1571 simillima
1519 1541 1576 1569 veri
1601 1541 1768 1578 videantur,

256 1617 281 1633 „
302 1596 431 1625 conferre
454 1603 575 1630 causas,
598 1602 625 1623 et
648 1595 719 1631 quid
744 1595 775 1631 111
799 1603 941 1630 quamque
961 1595 1127 1623 sententiam
1153 1595 1210 1623 dici
1233 1594 1328 1631 possit
1349 1593 1522 1629 exprimere,
1543 1593 1622 1621 nulla
1642 1593 1770 1622 adhibita

258 1669 282 1684 ‚,
304 1656 354 1676 sun.
378 1645 563 1680 auctoritate,
582 1646 723 1682 judicium
748 1646 922 1674 ausslicntium
948 1646 1106 1681 relinquere
1127 1647 1267 1682 integrum
1291 1654 1321 1673 ac
1343 1645 1487 1679 liberum,
1513 1643 1672 1672 tenebimus
1697 1643 1768 1673 hanc

260 1719 284 1735 ,‚
305 1697 542 1727 consuetudinem
560 1706 574 1725 a
591 1697 710 1726 Socrate
726 1696 898 1726 traditam.''
921 1697 1025 1731 (Tusc-
1047 1697 1088 1733 Q„
1110 1697 1160 1726 Ν,
1183 1699 1239 1734 4.)
1268 1716 1286 1731 ‚‚
1300 1695 1459 1731 Desernlat,
1482 1694 1692 1730 quodquisque
1707 1703 1772 1724 sen-

263 1769 285 1785 .‚
306 1742 377 1777 tiat:
399 1755 467 1776 sunt
491 1748 563 1776 enim
581 1749 687 1785 judicia
708 1748 812 1777 libera:
835 1757 888 1777 nos
910 1747 1072 1777 institutum
1092 1749 1272 1782 tenebimus,
1295 1747 1463 1782 nulliusque
1488 1745 1573 1774 unius
1596 1745 1766 1780 disciplinae

262 1820 287 1837 „
307 1799 418 1835 legibus
446 1799 590 1835 adstricti,
614 1800 720 1835 quibus
749 1800 778 1828 in
804 1799 994 1835 Philosophia
1018 1799 1176 1827 necessario
1211 1807 1376 1834 pareamus,
1407 1797 1475 1833 quid
1502 1796 1539 1824 sit
1558 1795 1586 1823 111
1609 1803 1724 1831 quaque
1745 1803 1774 1824 re

264 1871 287 1886 „
309 1851 429 1878 maxime
451 1849 599 1886 probabile
619 1859 732 1887 semper
754 1850 980 1886 nquiremusss’
1000 1858 1084 1885 nani,
1114 1871 1137 1885 ,‚
1154 1858 1188 1878 ne
1216 1850 1244 1878 in
1268 1849 1396 1877 maximis
1430 1847 1543 1882 quidem
1570 1846 1654 1874 rebus
1688 1846 1772 1881 quid-

266 1923 288 1937 „
311 1910 394 1937 qnam
418 1902 508 1929 adbuc
535 1902 630 1930 inveni
656 1901 785 1937 firmius,
808 1903 887 1938 quod
908 1908 1048 1937 tenerem,
1069 1909 1118 1930 aut
1143 1910 1202 1937 quo
1225 1901 1364 1938 judicium
1385 1907 1475 1927 mcum
1497 1897 1662 1933 dirigerem,
1685 1904 1770 1932 quarn

266 1973 291 1989 ‚‚
314 1952 360 1989 id,
384 1952 576 1988 quodcunque
594 1953 664 1982 mihi
686 1953 864 1983 simillimum
886 1953 944 1984 veri
974 1953 1136 1989 videretur,
1167 1961 1231 1981 cum
1257 1952 1351 1988 ipsum
1385 1950 1453 1979 illud
1482 1957 1578 1978 verum
1599 1948 1628 1977 iu
1652 1948 1769 1976 occulto

1696 2017 1721 2035 υ
1740 1999 1780 2027 ¹²·
