1913 2427
238 153 283 195 aa
538 151 1413 186 *tarnonasscan

247 264 266 280 ‚‚
287 243 373 272 utiles
397 249 460 271 esse
477 240 652 278 possunt;''
682 239 730 268 scd
752 246 812 267 non
837 237 924 266 modo
950 244 1074 273 prosunt
1103 238 1260 274 plurimum
1287 239 1417 269 homines
1438 239 1626 277 hominibus,
1655 243 1705 272 sed
1728 248 1758 272 et

251 294 376 323 obsunt:
400 301 471 328 quae
493 299 558 321 cum
582 291 619 320 ita
644 291 722 326 sint,
751 310 771 324 „
790 289 913 325 primum
934 288 990 317 hoc
1012 295 1129 325 statuo,
1149 298 1211 319 esse
1226 290 1343 319 virtutis
1363 291 1517 320 conciliare
1532 292 1643 321 animos
1664 293 1757 322 homi—

249 366 267 382 „
287 354 355 374 num
380 351 407 373 et
427 345 461 372 ad
487 352 560 372 usus
581 351 652 372 suos
675 343 838 379 adjungere.
857 356 897 363 —
917 340 1031 369 Etenim
1055 340 1147 370 virtus
1171 341 1265 370 omnis
1297 341 1390 370 tribus
1417 343 1446 371 in
1472 343 1557 372 rebus
1585 344 1642 373 fere
1668 345 1757 374 verti-

249 420 267 434 „
287 405 349 426 tur:
374 405 492 433 quarum
516 404 572 424 una
590 401 652 430 est,
673 394 703 422 in
727 392 945 429 perspiciendo,
968 392 1038 427 quid
1061 391 1090 420 in
1114 401 1227 428 quaque
1249 401 1277 421 re
1303 401 1399 421 verum
1421 393 1625 430 sincerumque
1646 396 1696 425 sit.
1717 410 1756 419 —-

249 471 267 486 „
286 450 418 478 Alterum
447 447 581 476 cohibere
605 451 701 475 motus
726 445 812 474 animi
829 444 977 479 turbatOS,
1000 452 1075 479 quos
1092 444 1196 473 Graeci
1213 446 1284 480 πάθη
1299 445 1467 481 nominant,
1491 446 1758 483 appetitionesque‚

248 509 266 539 ·‚‚
287 511 357 538 quas
380 501 423 529 illi
445 501 549 538 ὅρμοις,
572 499 735 528 obedientes
758 498 864 526 efficere
886 497 1011 526 rationi:
1042 497 1155 525 tertium
1181 497 1234 532 iis,
1263 497 1437 532 quibuscum
1463 505 1687 534 congregamur,
1716 497 1760 527 uti

253 577 271 591 ‚‚
291 554 434 583 moderate
457 558 486 580 et
509 552 649 587 scienter3
674 558 795 586 quorum
817 548 922 578 studiis
945 557 996 583 ea,
1019 556 1090 583 quae
1107 555 1206 576 natura
1229 547 1393 584 desiderat,
1421 549 1530 585 expleta
1555 550 1760 586 cumulataque

251 627 270 642 ‚,
290 605 465 640 habeamus,
488 612 538 640 per
562 592 754 637 eosdemque,
776 601 801 630 si
828 600 899 636 quid
920 599 1089 636 importetur
1105 599 1188 627 nobis
1213 599 1408 634 incommodi,
1429 600 1650 637 propulsemus;
1671 601 1760 630 ulcis·

249 678 268 694 „
289 664 441 691 camurque
463 664 528 689 eos,
550 654 601 689 qui
621 661 723 682 nocere
742 651 826 681 nobis
847 650 942 680 conati
963 657 1049 685 sunt,
1077 656 1212 686 tantaque
1236 658 1327 686 poena
1352 649 1524 686 afficiamus,
1555 658 1690 686 quantam
1714 660 1760 682 ae-

250 729 268 745 „
290 707 384 744 quitas
416 706 639 740 humanitasque
672 703 817 741 patitur.’'
848 703 905 740 (de
926 701 985 738 Off.
1007 702 1045 730 11.
1070 710 1098 737 3.
1119 711 1148 737 4.
1174 703 1228 739 5.)
1270 723 1287 736 „
1307 701 1460 730 Detrahere
1489 710 1557 732 vero
1589 702 1700 738 aliquid
1719 704 1762 732 al·

250 781 269 798 „
288 760 361 795 teri,
382 766 408 788 et
426 758 569 788 hominem
596 755 722 784 hominis
749 755 932 783 incommodo
953 763 1038 783 suum
1061 763 1162 791 augere
1184 755 1390 788 commodum,
1413 755 1503 790 magis
1528 761 1571 783 est
1590 763 1690 784 contra
1710 765 1760 786 na-

250 833 269 849 „
288 820 396 847 turam,
420 819 503 847 quarn
529 817 624 842 mors,
646 815 731 842 quam
757 814 929 843 paupertas,
962 815 1046 843 quam
1077 807 1178 841 dolor,
1207 814 1290 841 quam
1321 811 1430 839 cetera,
1461 813 1533 840 quae
1559 813 1683 841 possunt
1710 813 1761 836 aut

251 884 270 900 „
289 862 405 899 corpori
437 861 562 890 accidere
591 865 641 887 aut
670 857 754 886 rebus
780 858 912 888 externis.
959 859 1057 894 Atque
1082 858 1136 886 hoc
1162 856 1246 885 essicit
1275 856 1337 892 ipsa
1362 863 1477 884 naturae
1502 855 1592 891 ratio,
1622 865 1693 892 quae
1718 865 1763 887 est

250 936 269 951 ,‚
289 916 334 944 lex
355 914 450 942 divina
472 919 499 941 et
520 912 657 939 humana:
680 909 727 937 cui
751 918 847 945 parere
868 909 916 945 qui
938 910 1007 938 velit
1029 910 1150 946 (omnes
1169 914 1261 950 autem
1280 907 1437 943 parebunt,
1466 906 1514 942 qui
1535 908 1693 936 secundum
1712 918 1763 938 na-

251 987 269 1002 „
288 974 380 995 turam
404 965 502 993 volent
522 963 639 999 vivere)
663 969 809 996 nunquam
834 961 1015 996 committet,
1039 968 1070 988 ut
1090 961 1212 988 alienum
1235 964 1367 994 appetat,
1389 964 1416 985 et
1438 957 1484 992 id,
1511 958 1590 992 quod
1613 959 1692 987 alteri
1715 960 1763 989 de-

251 1039 270 1054 „
291 1016 425 1051 traxerit,
454 1021 591 1043 assumat.
633 1013 747 1041 Etenim
774 1013 867 1040 multo
901 1012 991 1048 magis
1019 1017 1062 1040 est
1090 1011 1249 1039 secundum
1279 1015 1406 1038 naturam
1445 1009 1594 1037 excelsitas
1621 1010 1707 1039 animi
1734 1017 1764 1040 et

252 1090 271 1105 „
290 1068 478 1105 magnitudo,
500 1067 625 1101 itemque
647 1063 785 1098 comitas,
811 1062 943 1100 justitia,
971 1063 1145 1098 liberalitas,
1168 1070 1252 1098 quam
1275 1062 1431 1096 voluptas,
1455 1069 1538 1095 quam
1570 1061 1646 1097 vita,
1675 1071 1761 1098 quam

251 1142 270 1158 „
291 1120 422 1154 divitiae,
444 1126 516 1154 quae
539 1116 653 1153 quidem
677 1121 855 1152 contemnere
884 1121 911 1142 et
937 1123 990 1150 pro
1019 1114 1111 1143 nihilo
1140 1114 1260 1148 ducere,
1293 1117 1503 1148 comparantem
1535 1120 1601 1140 eum
1639 1113 1762 1143 utilitate

254 1193 273 1208 ,‚
294 1171 461 1205 communi,
486 1167 581 1205 magni
605 1165 692 1195 animi
715 1173 741 1194 et
766 1164 868 1193 excelsi
893 1171 957 1201 est,
985 1165 1130 1194 detrahere
1152 1171 1244 1193 autem
1266 1163 1345 1192 alteri
1366 1163 1412 1191 sui
1433 1163 1576 1191 commodi
1602 1172 1686 1193 causa
1707 1173 1764 1195 ma-

255 1244 274 1261 „
296 1223 339 1260 gis
360 1228 403 1250 est
426 1227 526 1250 contra
548 1226 696 1252 naturam,
720 1225 803 1253 quam
831 1225 927 1251 mors,
953 1225 1039 1253 quam
1062 1217 1164 1251 dolor,
1189 1224 1272 1251 quam
1297 1222 1387 1243 cetera
1407 1214 1514 1252 genens
1539 1215 1679 1251 ejusdem.

290 1296 308 1310 „
329 1277 458 1308 Itemque
479 1271 568 1307 magis
589 1276 632 1298 est
653 1269 809 1297 secundum
827 1274 976 1303 naturam,
998 1276 1052 1304 pro
1078 1267 1214 1296 omnibus
1241 1265 1374 1302 gentibus
1390 1287 1400 1301 ,
1423 1266 1447 1294 si
1472 1265 1529 1294 fieri
1551 1266 1664 1302 possit,
1693 1275 1764 1297 con.-

256 1347 276 1362 „
296 1324 460 1358 servandis,
481 1329 530 1350 aut
553 1320 704 1358 juvandis,
733 1318 872 1346 maximos
893 1319 1004 1347 labores
1024 1318 1229 1352 molestiasque
1248 1318 1414 1352 suscipere,
1445 1318 1458 1354 <
1476 1317 1631 1345 imitantem
1652 1318 1765 1348 Hercu-

255 1397 274 1414 „
295 1379 348 1406 lem
368 1377 472 1410 illum,
495 1381 578 1409 quem
603 1370 752 1399 hominum
779 1369 853 1398 fama
878 1369 1079 1398 beneficiorum
1110 1377 1217 1397 memor
1245 1368 1272 1396 in
1297 1368 1422 1397 concilio
1445 1368 1613 1397 coelestium
1641 1370 1767 1399 colloca-

254 1451 272 1466 „
292 1429 359 1466 vit)
380 1435 465 1463 quam
489 1425 584 1453 vivere
606 1423 634 1450 in
654 1421 829 1456 solitudine,
858 1428 917 1449 non
936 1421 1021 1449 modo
1044 1421 1106 1448 sine
1126 1421 1194 1449 ullis
1219 1419 1360 1448 molestiis
1374 1439 1385 1454 ,
1409 1420 1457 1447 sed
1478 1419 1560 1447 etiam
1586 1419 1614 1448 in
1636 1421 1765 1451 maximis

255 1501 273 1517 5,
293 1478 514 1515 voluptatibus,
535 1474 724 1503 abundantem
744 1472 880 1500 omnibus
901 1471 1014 1507 copiis3
1050 1478 1080 1499 ut
1107 1472 1225 1500 excellas
1257 1470 1339 1499 etiam
1359 1469 1573 1505 pulchritudine
1596 1477 1622 1499 et
1642 1472 1765 1503 viribus.

256 1553 274 1569 ‚‚
293 1531 439 1569 Quocirca
465 1527 578 1562 optimo
604 1524 729 1560 quisque
751 1530 778 1551 et
803 1522 1034 1558 splendidissimo
1067 1522 1182 1559 ingenio
1210 1523 1295 1558 longe
1322 1521 1397 1549 illam
1428 1521 1514 1549 vitam
1548 1522 1615 1550 huic
1646 1530 1766 1560 antepo-

257 1605 275 1619 Ἡ
296 1584 359 1618 nit,
381 1590 413 1609 ex
433 1589 492 1615 quo
516 1577 654 1611 efficitur,
682 1574 825 1603 hominem
851 1581 967 1602 naturae
1000 1573 1176 1602 obedientem
1202 1573 1310 1601 homini
1334 1580 1438 1601 nocere
1463 1581 1522 1601 non
1543 1581 1639 1609 posse.
1680 1576 1768 1605 Dein·

256 1655 275 1670 ‚,
295 1634 346 1667 de,
370 1631 420 1667 qui
439 1631 560 1657 alterum
585 1628 694 1660 violat,
717 1632 749 1653 ut
774 1625 835 1660 ipse
859 1625 977 1659 aliquod
997 1624 1141 1654 commodi
1165 1631 1376 1659 consequatur,
1404 1630 1452 1652 aut
1476 1624 1547 1652 nihil
1574 1633 1603 1653 se
1625 1626 1769 1657 existimat

257 1707 275 1721 ‚,
296 1691 394 1713 contra
424 1688 553 1710 naturam
585 1678 696 1711 facere,
725 1683 774 1704 aut
799 1675 891 1711 magis
919 1675 1080 1711 fugiendam
1103 1682 1199 1703 censet
1221 1681 1360 1709 mortem,
1384 1682 1597 1711 paupertatem„
1619 1678 1766 1717 dolorem,

258 1757 275 1772 „
296 1735 476 1764 amissionem
500 1732 582 1759 etiam
596 1729 769 1761 liberorum,
791 1725 1040 1762 propinquorum,
1061 1726 1215 1755 amicorum
1228 1747 1237 1759 ,
1260 1735 1344 1761 quam
1368 1725 1458 1754 facere
1473 1727 1596 1763 cuipiam
1614 1728 1764 1768 injuriam,

259 1808 277 1822 ‚,
298 1787 322 1815 si
349 1786 421 1815 nihil
444 1783 605 1815 existimat,
635 1785 734 1812 contra
763 1784 891 1805 naturam
920 1777 978 1804 fieri
1003 1777 1169 1806 homiuibus
1193 1776 1356 1811 violandis,
1387 1777 1456 1812 quid
1478 1786 1541 1805 cum
1566 1786 1598 1807 eo
1621 1779 1763 1818 disseras,

258 1860 277 1874 „
299 1838 348 1874 qui
372 1837 488 1864 omnino
514 1835 656 1862 hominem
681 1839 713 1859 ex
737 1829 853 1857 homine
870 1829 976 1858 tollat?
999 1829 1043 1857 sin
1064 1828 1229 1865 fugiendum
1253 1828 1279 1856 id
1301 1828 1416 1863 quidem
1440 1835 1551 1863 censet,
1572 1831 1622 1857 sed
1641 1838 1667 1859 et
1692 1833 1766 1861 mula

260 1911 279 1926 „
300 1897 330 1918 to
357 1889 404 1915 illa
427 1887 542 1922 pejora,
564 1891 702 1916 mortem,
725 1887 936 1918 paupertatem,
965 1879 1112 1914 dolorem,
1140 1884 1212 1906 errat
1231 1879 1259 1906 in
1281 1886 1335 1912 ee,
1364 1879 1442 1913 quod
1468 1880 1557 1907 ullum
1589 1887 1638 1909 aut
1660 1891 1765 1919 corpo.

262 1963 280 1978 „
301 1941 340 1968 ris
368 1945 414 1967 aut
438 1937 569 1965 fortunae
593 1935 693 1962 vitium
721 1931 806 1960 animi
832 1931 911 1959 vitiis
942 1929 1056 1965 gravius
1082 1929 1237 1956 existimat.
1260 1944 1297 1949 —-
1324 1929 1422 1963 Atque
1451 1930 1555 1965 etiam,
1585 1931 1608 1958 si
1639 1932 1694 1961 hoc
1716 1942 1765 1963 na-

259 2012 279 2030 „
299 1999 363 2020 tura
383 1987 570 2026 praescribit,
599 1993 629 2013 ut
655 1986 742 2013 homo
768 1982 898 2017 homini,
927 1982 1094 2018 quicunque
1119 1981 1173 2015 sit,
1203 1979 1240 2010 ob
1271 1988 1328 2008 eam
1355 1980 1446 2017 ipsam
1477 1989 1608 2018 causam,
1639 1985 1718 2019 quod
1738 1985 1764 2015 is

1680 2055 1699 2070 ‚‚
1719 2036 1772 2065 ho·
