1913 2427
379 247 1277 310 COMMENTATIO

165 630 655 673 MACHINA
745 628 1487 672 ATWOODIANA·

584 1110 1082 1146 PROLOGUS.

72 1224 202 1297 Scire
215 1265 344 1290 nostrum
360 1263 435 1287 recte
452 1256 566 1286 videtur
577 1256 634 1286 dici
650 1255 727 1287 nihil
739 1266 809 1294 esse,
829 1257 905 1294 nisi,
924 1266 972 1286 nos
988 1258 1038 1287 hoc
1056 1257 1149 1292 scire,
1169 1257 1244 1286 sciat
1265 1255 1358 1284 alter.
1395 1255 1492 1285 Nobis
1509 1264 1588 1293 prae·

70 1313 173 1343 settim
195 1310 370 1349 juvenibus,
399 1309 429 1339 in
450 1310 526 1339 almo
547 1309 716 1338 Academiae
742 1309 873 1346 cujusvis
897 1309 1006 1346 gremio
1027 1309 1099 1338 varii
1124 1307 1234 1345 generis
1255 1306 1410 1343 disciplina
1433 1307 1587 1343 enutritis,

70 1363 150 1394 haud
170 1361 279 1392 sufficit
303 1370 335 1390 ea
359 1361 460 1396 scire,·
482 1368 555 1397 quae
578 1369 632 1391 nos
653 1361 757 1391 docent
784 1360 986 1397 Praeceptores
1005 1358 1182 1389 Clarissimi.
1221 1357 1264 1387 Ut
1288 1357 1413 1394 quisque
1437 1357 1466 1386 in
1486 1357 1590 1386 Facul-

72 1419 131 1444 tate
153 1414 207 1443 sua
225 1412 390 1450 quempiam
423 1411 572 1448 Gradum,
601 1420 686 1448 quem
706 1418 827 1447 vocant,
853 1412 1052 1448 acquiramus,
1079 1410 1139 1447 apti
1170 1409 1304 1438 debemus
1328 1408 1443 1437 evadere
1467 1415 1587 1444 respon-

69 1465 167 1495 dendo
188 1464 405 1501 quaestiombus
424 1463 570 1494 examinis
590 1463 728 1497 instituti,
766 1464 909 1494 Praeterea
927 1471 988 1492 non
1012 1467 1124 1491 tantum
1149 1459 1309 1496 Theologis
1335 1465 1364 1487 et
1383 1457 1585 1495 Jurisconsul-

74 1516 113 1545 tis
136 1515 250 1552 saepius
277 1515 312 1543 de
333 1514 406 1543 varii
428 1515 538 1551 generIs
566 1516 739 1551 argumentis
763 1515 898 1544 distincte
927 1520 956 1542 et
982 1513 1109 1542 dilucide
1136 1518 1180 1540 est
1206 1509 1345 1547 agendum
1375 1508 1582 1537 disserendum-

70 1574 157 1604 que3
186 1566 236 1595 sed
255 1565 310 1595 tale
332 1565 404 1602 quid
424 1566 507 1595 etiam
531 1566 566 1595 ab
588 1566 651 1595 aliis
669 1566 744 1603 exigi
759 1571 857 1602 potest
875 1564 1023 1595 Studiosis
1041 1583 1052 1600 ‚
1087 1563 1113 1592 si
1137 1569 1197 1592 non
1224 1561 1255 1590 in
1277 1558 1454 1595 Academia,
1481 1559 1582 1587 saltem

72 1624 187 1655 posta.

110 1668 177 1697 Hoc
197 1667 234 1696 ob
255 1668 359 1697 oculos
379 1668 498 1704 habito,
526 1668 597 1697 mihi
619 1668 742 1706 perutile
762 1668 858 1697 visum
885 1666 943 1696 fuit
966 1665 1131 1696 institutum
1152 1662 1341 1697 hodiernum,
1362 1660 1505 1698 Juvenum
1525 1659 1585 1689 ani-

68 1726 137 1750 mos
161 1719 390 1758 Quaestionibus
421 1719 537 1756 publice
565 1720 724 1757 propositis
746 1718 909 1760 alliciendi,
938 1724 971 1747 ut
994 1714 1069 1747 vir‘es
1097 1715 1273 1750 intendant,
1302 1719 1330 1742 et
1353 1712 1387 1741 de
1411 1712 1467 1741 hoc
1491 1711 1578 1740 illove

31 1766 34 1770 ’
71 1777 242 1808 argumento
265 1770 360 1800 fusius
380 1778 460 1808 agere
479 1778 631 1802 conentur.
678 1772 799 1809 ipsemet
821 1772 855 1801 de
882 1779 916 1800 eo
936 1777 1018 1807 agere
1035 1767 1197 1802 constitui,
1227 1765 1306 1802 quod
1326 1762 1470 1802 iuventuti
1490 1760 1584 1797 Belgi-

66 1830 122 1851 αα
144 1822 343 1852 elaborandum
373 1823 507 1853 dederunt
527 1823 712 1854 Celeberrimi
732 1823 913 1853 Professores
930 1821 1076 1858 Lugduno
1085 1818 1203 1848 -Batavi
1223 1815 1413 1848 Scientiarum
1425 1834 1435 1849 ‚
1456 1813 1487 1842 in
1508 1818 1580 1847 quas

71 1870 130 1901 fere
150 1882 217 1910 prae
233 1874 351 1910 reliquis
376 1874 533 1912 incumbo,
562 1885 693 1912 quasque
720 1875 792 1905 tanti
825 1875 882 1913 jam
909 1873 1037 1904 fecerunt
1063 1870 1192 1900 homines
1224 1865 1448 1900 antediluviani‚
1476 1869 1510 1892 ut
1535 1869 1582 1891 eas

66 1923 224 1960 *cipporum
247 1933 330 1963 opea
348 1926 467 1956 Diluvio
487 1927 607 1956 intactas
631 1927 819 1964 reliquerint3
849 1934 909 1956 non
929 1925 1045 1961 quidem
1068 1922 1098 1953 in
1119 1920 1222 1958 Syria,
1250 1919 1330 1956 quod
1354 1916 1474 1946 Flavius
1497 1913 1582 1951 Joso-

62 1973 159 2011 &¹⁴¹2
179 1977 329 2012 Anu'quit,
354 1976 431 2013 Jud.
449 1978 519 2008 Lib.
536 1987 567 2009 ι.
596 1986 660 2015 cap.
680 1987 708 2014 3.
738 1977 875 2014 affirmat3
905 1977 956 2006 sed
977 1975 1008 2005 in
1025 1974 1179 2012 Aegypto,
1209 1970 1260 2000 ubi
1280 1976 1412 2000 summus
1437 1966 1583 2043 Aristzte·

102 2030 104 2032 V
817 2027 844 2056 A
864 2035 882 2056 α
1541 2022 1589 2050 es,
