1913 2427
438 117 917 149 DISSERTATIO
983 117 1381 152 LITERARIA.
1626 132 1666 154 21

154 206 270 244 Tragici
300 205 407 243 generis
431 204 562 240 scopus?
606 204 703 233 Artem
734 209 825 232 autem
850 203 949 239 poetae
979 205 1080 234 merito
1107 207 1266 236 laudamus.
1307 207 1419 243 Ecqui-s
1449 208 1582 245 lacrymis
1605 218 1670 246 par·

153 267 216 288 cere
233 264 350 295 potcst,
374 265 439 285 cum
464 256 562 285 nobile
580 256 653 285 inter
674 255 791 290 fratres,
816 255 850 282 de
867 254 963 284 futura
978 264 1087 293 morte,
1113 265 1252 287 certamen
1270 260 1345 296 legat
1365 260 1412 288 vel
1436 260 1551 288 audiat?
1592 260 1668 298 Quis

153 311 236 348 Jaln'
261 309 362 338 Paulli
390 308 478 337 funus
502 307 591 336 nullis
611 307 745 344 lacrymis
764 305 920 343 dignetur,
946 308 1096 345 Fontejam
1125 310 1214 339 nullis
1240 310 1504 346 exsecrationibus,
1533 310 1619 340 exitio
1640 317 1667 339 et

150 363 216 393 Diis
238 361 380 398 lnfernis,
402 360 562 390 devoveat?

186 416 372 444 phaetontem
404 414 547 449 legentes,
576 412 689 441 eandem
716 409 819 439 Nostri
850 410 981 446 peritiam
1014 412 1043 441 in
1066 413 1211 450 pingendo
1242 413 1311 443 boni
1339 414 1430 450 patris
1455 423 1519 451 erga
1540 414 1666 451 liberos,

150 466 261 496 etiamsi
281 464 471 501 deliquerint,
493 472 606 499 amore,
628 471 712 499 quam
739 463 768 491 in
790 461 908 491 Davsdc
929 464 1039 500 egregie
1056 465 1230 501 declaravit,
1252 474 1286 495 eo
1308 465 1409 502 majori
1429 475 1495 495 cum
1519 467 1669 502 voluptate

150 519 318 552 laudamus,
350 517 431 552 quod
453 524 540 545 unum
564 524 599 543 ex
627 515 691 544 Diis
718 521 774 542 tam
802 514 927 543 humano
948 515 1033 544 animi
1051 523 1132 545 motu
1157 517 1216 553 regi
1232 517 1399 547 sentiamus.
1441 518 1576 547 Ceterum
1590 518 1668 547 Deo.-

146 579 210 600 rum
234 576 349 598 mutuae
368 568 566 596 altercationts
590 574 618 595 et
642 567 718 595 rixae
740 566 894 594 Homerum
917 567 985 595 satis
1009 567 1133 595 redolere
1153 568 1297 597 videntur.

182 622 390 659 Argumentum
421 618 595 655 Tragoediae
622 618 753 646 Adamas
777 618 861 647 exsul
885 618 912 646 si
939 618 1034 646 minus
1053 619 1165 654 placet,
1194 620 1318 656 placebit
1345 627 1421 650 certe
1448 621 1582 656 modus,
1600 629 1664 657 quo

145 680 344 711 argumentum
363 671 444 700 istud
466 675 667 706 pertractatum
694 676 750 698 est.
791 668 898 697 Nullae
921 675 997 697 certe
1027 670 1149 706 huiusce
1177 671 1344 708 speciminis
1368 679 1464 708 partes
1493 672 1582 708 magis
1604 681 1668 708 par-

144 726 223 755 tibus
250 724 358 752 Adann'
385 728 412 750 et
434 722 517 751 Evae
537 722 571 750 ad
602 721 658 749 veri
692 720 814 756 speciem
840 726 909 749 sunt
932 721 1120 751 adumbratae.
1176 723 1223 751 Ad
1249 724 1382 752 delictum
1407 724 1545 759 (auctore
1569 724 1670 752 Asma-

145 776 240 812 daeo)
261 774 396 810 perducta
417 772 501 807 Eva,
533 772 654 808 primum
673 771 850 807 ambitione,
871 772 1008 801 acerrimo
1026 772 1054 801 in
1071 773 1149 802 viros
1174 775 1313 809 stimulo,
1344 774 1493 805 Adamum
1517 775 1662 812 adoritur,

144 833 178 857 ut
200 826 298 856 delicti
319 824 464 862 particeps
481 823 546 853 fiat:
570 814 673 853 deinde
693 832 759 852 vero
781 831 843 853 sese
866 824 900 853 ad
924 831 999 852 arma
1022 823 1077 853 ista
1099 825 1259 862 convertit,
1282 825 1395 863 quibus,

558 908 632 941 Νικᾷ
652 904 679 933 δὲ
700 902 747 934 καὶ
770 905 870 940 σΙδηρον

558 956 612 985 Καὶ
633 958 687 992 πῦρ
707 957 779 989 xxm
798 966 839 987 τις
859 954 948 990 οὖσαι,

145 1035 180 1065 ad
199 1034 357 1070 lachrymas
380 1038 407 1060 et
426 1032 531 1061 amoris
553 1032 600 1061 sui
621 1033 948 1067 commemorationem,
966 1031 1073 1068 quibus
1096 1032 1166 1069 ille⁷
1192 1033 1302 1063 ratione
1331 1033 1432 1070 venia,
1462 1035 1488 1064 si
1512 1042 1569 1072 qua
1591 1035 1668 1071 alia,

142 1085 331 1122 dignissima,
358 1085 455 1113 cedere
472 1085 583 1112 tandem
602 1091 721 1113 coactus
736 1106 746 1120 ‚
775 1086 813 1114 ita
834 1085 920 1114 furiis
945 1086 1123 1122 exagitatur,
1148 1092 1179 1114 ut
1202 1087 1376 1116 severissimi
1396 1086 1498 1124 J'udicii
1517 1092 1610 1116 metus
1633 1087 1666 1116 in

142 1137 298 1175 legentium
324 1137 435 1165 animos
458 1137 618 1165 necessario
641 1136 755 1165 invadat
807 1137 891 1165 Nihil
917 1137 1038 1173 denique
1058 1137 1212 1174 pulchrius
1234 1139 1380 1176 conjugali
1402 1139 1486 1167 Evae
1506 1137 1580 1174 fide,
1604 1146 1666 1167 ont-

141 1189 210 1224 nia,
238 1194 357 1216 mortem
379 1188 493 1224 ipsam,
521 1196 588 1216 cum
608 1187 797 1217 dilectissimo
828 1189 940 1217 Adamo
968 1188 1040 1217 ferre
1061 1196 1196 1225 paratae,
1226 1198 1341 1226 operam
1369 1198 1452 1219 suam
1480 1195 1507 1218 et
1523 1189 1665 1219 auxilium

139 1240 172 1269 in
195 1240 278 1268 nullo
300 1247 360 1268 non
384 1240 515 1275 periculo
537 1239 696 1269 solenniter
714 1247 741 1268 et
761 1249 812 1269 sua
832 1247 936 1276 sponte
955 1240 1114 1277 pollicitae.

171 1290 234 1328 Jam
259 1299 327 1319 vero
345 1291 381 1319 ad
396 1290 552 1327 Tragicum
578 1291 648 1319 illud
671 1292 773 1326 poema
792 1293 998 1328 pervenimus,
1021 1300 1081 1329 quo
1107 1292 1253 1321 flebilibus
1280 1292 1378 1321 modis
1403 1293 1531 1320 Sinensis
1552 1291 1666 1328 imperii

140 1350 262 1371 occasus
285 1342 454 1371 celebratur.
497 1343 531 1370 In
548 1341 598 1370 illo
613 1342 784 1378 pulcerrima
799 1343 906 1380 passim
930 1343 1025 1373 oculis
1041 1344 1149 1373 nostris
1170 1345 1320 1381 exempla,v
1336 1344 1408 1374 vitia
1429 1344 1593 1379 nonnulla,
1614 1352 1666 1373 oc·

137 1399 269 1423 currunt.

177 1444 276 1478 Nihil,
302 1443 332 1471 in
354 1449 414 1472 tota
436 1444 522 1473 hacce
542 1444 719 1481 Tragoedia,
746 1446 824 1474 exitu
844 1447 1013 1483 elegantius.
1056 1447 1228 1485 Zangchino
1256 1446 1418 1475 sinen-sium
1440 1446 1535 1482 Regi,
1562 1445 1663 1474 urhem

138 1495 174 1525 ab
195 1495 330 1524 hostibus
350 1502 459 1531 captam
474 1495 601 1531 videnti,
623 1496 722 1531 filius,
747 1497 868 1526 maxima
889 1498 1015 1533 virtute,
1044 1498 1153 1534 optima
1180 1497 1277 1525 indole
1299 1495 1466 1532 praeditus,
1497 1496 1527 1524 in
1551 1504 1586 1524 eo
1610 1496 1662 1524 oh-

140 1553 296 1583 temperat,
318 1546 458 1582 mignavi
473 1547 588 1583 juvenis
604 1548 719 1583 specie,
741 1549 859 1577 aedibus
876 1556 904 1578 et
924 1550 1040 1579 civitate
1052 1549 1218 1586 egrediatur,
1261 1547 1335 1576 Non.
1349 1547 1446 1576 minus
1465 1554 1562 1576 movet
1583 1547 1664 1576 Pad-

136 1599 201 1633 nis,
222 1597 310 1634 Regis
335 1596 428 1632 filiae,
450 1606 513 1626 vere
533 1599 630 1635 regius
650 1599 785 1634 animus,
807 1600 895 1636 patris
912 1601 997 1636 jussu
1020 1601 1053 1629 ad
1070 1606 1188 1627 mortem
1207 1598 1386 1627 subeundam
1402 1604 1527 1634 paratae.
1568 1598 1662 1635 Quip-

136 1659 175 1688 pe
192 1650 399 1688 Zungchinus,
419 1649 558 1687 Vergimo
582 1650 623 1678 illi
648 1650 779 1679 Romano
802 1651 884 1688 haud,
899 1651 1066 1685 dissimilis,
1095 1658 1131 1678 ne
1155 1649 1189 1677 ab
1214 1649 1348 1678 irridente
1377 1648 1434 1677 sibi
1465 1650 1549 1678 hoste
1584 1646 1659 1679 filiae

137 1700 291 1731 inferretur
307 1707 439 1737 stuprum
468 1708 618 1737 metuens,
640 1711 740 1731 averso
760 1703 867 1736 vultu,
890 1710 948 1731 eam
965 1700 1122 1734 interimit,
1148 1700 1213 1736 ipso
1231 1706 1309 1736 patre
1332 1699 1429 1728 minus
1444 1700 1660 1735 perturbatam!

134 1752 210 1783 Noti
233 1754 322 1790 igitur
349 1752 485 1781 Vomlelio
517 1753 597 1781 fuere
623 1754 783 1782 Sittensium
808 1761 901 1782 mores
919 1773 929 1788 ,
957 1753 1034 1789 apud
1066 1760 1147 1787 quos.
1170 1751 1242 1779 nihil
1274 1751 1304 1780 in
1328 1751 1401 1787 ipsis
1430 1751 1560 1788 Regibus
1588 1753 1662 1782 adeo

140 1811 306 1841 spectatur,
327 1804 358 1832 in
377 1804 454 1832 omni
479 1803 553 1832 vitae
578 1813 677 1841 genere
697 1805 784 1834 tantis
804 1805 937 1842 praemiis
963 1805 1190 1838 condecoratur,
1215 1810 1243 1831 et
1262 1811 1316 1839 pro
1334 1802 1429 1831 offic10
1446 1803 1575 1839 perfecto
1601 1811 1660 1832 ma-

141 1853 186 1890 gis
208 1853 346 1888 habetur,
367 1862 399 1882 ac
425 1854 579 1883 liberorum
597 1864 661 1892 erga
681 1863 812 1892 parentes
835 1856 1020 1892 obsequium.
1061 1854 1173 1884 Deinde
1196 1862 1279 1890 opere
1299 1853 1356 1883 isto
1380 1853 1490 1883 Noster
1510 1854 1654 1884 ostendit:

125 1912 247 1937 ,summa
268 1904 393 1941 pericula
412 1911 504 1941 πεῖραν
522 1906 645 1942 aliquam
670 1907 794 1943 efficere,
824 1909 857 1937 in
878 1917 934 1944 qua
962 1906 1141 1944 pulcerrimis
1173 1906 1474 1942 splendidissimisque
1506 1907 1658 1936 coloribus

137 1956 232 1990 virtus
247 1955 404 1994 refulgeat,
423 1955 494 1987 vitia
509 1957 622 1996 omnia,
645 1957 757 1998 abjecto
771 1957 862 1997 fuco,
880 1965 1044 1997 appareant.
1085 1957 1166 1996 Quid
1187 1956 1284 1989 enim?
1311 1956 1406 1989 Novis
1421 1958 1506 1988 rebus
1524 1957 1656 1993 obortis,

965 2009 992 2040 C
1015 2018 1040 2048 ³>
1587 2017 1660 2041 con-
