1913 2427
650 159 1046 210 ORA‘TIIO„
1430 180 1435 183 -
1564 163 1588 207 ²7*

108 266 139 291 ta
173 257 384 301 indagarunt,
417 256 506 289 velut
537 254 720 298 bajulorum
750 263 806 288 aut
836 257 1055 300 operariorum
1093 253 1191 299 opera
1225 253 1384 287 utendum
1417 264 1502 293 esse,
1540 254 1581 288 ad

107 316 315 361 praeclariora
354 314 508 345 nimirum
557 312 723 345 condenda
740 336 750 353 ‚
794 314 828 344 in
877 313 996 357 quibus
1038 313 1205 356 ingenium
1244 319 1274 344 et
1314 312 1473 355 judicium
1513 312 1581 345 elu-

86 370 200 411 'ceat‚
243 372 442 417 propiusque
480 371 582 401 nostri
631 371 700 402 aevi
740 370 836 402 rebus
873 370 1126 414 hominibusque
1174 369 1414 402 admoveantur.
1497 371 1582 410 His,

108 419 201 474 quasi
232 428 496 461 terriculamentis
527 426 721 470 quibusdam
763 427 936 459 verborum
969 435 1000 460 et
1030 428 1257 472 ³exemplorum
1275 451 1285 465 ‚
1319 428 1475 469 juvenum
1510 429 1581 459 ani-

105 498 177 519 mos
203 485 399 530 percellunt,
439 484 722 528 imprudentesque
757 484 798 516 ad
839 496 968 516 omnem
1005 485 1165 517 levitatem
1200 491 1232 517 et
1262 485 1422 517 licentiam
1462 484 1579 516 adhor-

108 550 217 575 tantur
233 567 241 583 ,
271 550 322 582 et,
346 543 427 574 sicut
453 541 500 572 illi
524 542 610 586 apud
636 542 799 573 Platonem
822 542 990 586 demagogi
1006 565 1014 581 ‚
1043 542 1175 586 expulsa
1212 542 1400 585 tyrannide,
1434 542 1586 574 immode-

111 607 211 634 ratam
236 600 414 632 libertatem
446 598 598 630 omnibus
624 599 814 643 propinant,
837 611 920 643 quae
939 599 1064 639 caedes,
1089 599 1218 638 exsilia,
1249 599 1412 632 bonorum
1441 600 1584 644 publica-

111 657 232 699 tiones,
262 658 362 689 totius
385 656 525 699 denique
546 656 683 687 civitatis
713 657 896 696 interitum,
925 656 1034 688 asserat
1054 668 1180 689 necesse
1200 663 1257 689 est.

176 716 215 746 In
238 721 325 745 tanta
354 714 586 745 sententiarum
627 713 666 745 de
698 724 772 745 vera
806 714 905 757 hujus
945 714 1132 758 disciplinae
1171 714 1352 747 tractandae
1381 715 1505 747 ratione
1538 713 1590 746 di-

108 772 285 815 §crepantia
293 795 303 810 ‚
328 770 458 802 difficile
487 769 648 814 profect0‚
671 782 752 814 quae
777 771 909 815 reliquis
934 773 974 803 sit
998 771 1220 806 anteferenda,
1249 779 1409 804 statuere:
1445 771 1590 804 multum·

111 830 281 867 interesse,
306 835 361 866 ut,
388 828 559 871 diligenter
578 827 700 860 collatis
722 829 756 859 in
777 839 908 860 omnem
936 836 1059 872 partem
1092 829 1289 870 rationibus,
1323 830 1519 874 intelligatur
1544 828 1589 861 ab

110 886 307 931 optimarum
342 884 506 916 literarum
540 885 714 925 studiosis,
745 886 825 929 quid
858 887 899 918 sit
925 886 973 926 id,
1013 886 1102 929 quod
1125 894 1317 930 sequantur,
1350 894 1382 918 et
1408 887 1495 930 quod
1516 897 1589 930 per·

108 950 208 987 petuo
231 944 436 981 intueantur,
459 953 556 974 nemo
579 942 747 975 dubitabit.
794 945 871 984 Quo
891 944 962 975 loco
990 943 1150 983 multum,
1174 945 1314 988 opinor,
1336 944 1588 988 profecerimus,

109 1011 213 1044 quum
229 1000 345 1032 harum
365 1000 529 1031 literarum
556 1000 605 1031 vis
628 1007 659 1031 et
683 1000 801 1033 utilitas
827 1001 867 1032 ad
891 1001 1065 1044 plurimos,
1090 1012 1172 1044 pene
1199 1001 1304 1033 dicam
1329 1001 1368 1033 ad
1395 1001 1592 1039 universos,v

108 1058 284 1101 Pertineat,
307 1056 451 1088 studium
477 1057 553 1087 item
580 1056 619 1088 ad
643 1057 778 1095 multos,
807 1058 884 1101 qui,
906 1058 957 1089 vel
979 1059 1017 1089 in
1038 1058 1106 1089 aliis
1137 1057 1278 1098 artibus,
1307 1058 1358 1089 vel
1386 1059 1421 1089 in
1444 1059 1509 1089 vita
1535 1057 1588 1088 in·

108 1113 287 1153 sumenda,
321 1113 515 1144 eruditionis
537 1119 568 1144 et
595 1113 716 1156 ingenii
753 1115 880 1146 laudem
909 1122 1073 1158 spectant,
1103 1115 1155 1152 si,
1184 1115 1273 1158 quod
1303 1125 1423 1146 munus
1450 1115 1490 1146 sit
1512 1122 1595 1158 pro·'

105 1167 215 1215 prium
243 1171 338 1213 ejus,
355 1170 412 1213 qui
436 1170 519 1201 hanc
543 1169 745 1214 disciplinam
767 1171 955 1215 profitetur,
987 1171 1076 1213 quod
1103 1183 1178 1203 oum
1217 1172 1287 1204 aliis
1315 1182 1489 1203 commune
1519 1181 1588 1203 non

109 1226 250 1267 habeat,
285 1227 545 1258 intellexerimus.
601 1228 795 1269 hujusmodi
825 1235 857 1260 et
887 1228 947 1260 alia
982 1227 1063 1260 forte
1088 1229 1161 1272 quis
1189 1228 1218 1260 ei
1246 1229 1418 1272 imponat,
1449 1234 1481 1260 et
1506 1228 1588 1259 mihi

110 1284 242 1328 quidem
260 1307 269 1324 ‚
302 1283 336 1315 id
360 1283 450 1327 quod
479 1283 605 1315 dicendi
638 1292 865 1328 argumentum
901 1285 1002 1318 sumsi
1020 1310 1029 1325 ,
1068 1297 1172 1317 unum
1206 1287 1354 1318 omnium
1375 1287 1522 1329 primum
1551 1295 1591 1317 ac

101 1340 321 1387 praecipuum
353 1341 563 1373 Grammatici
595 1353 710 1373 mzmus
739 1342 869 1374 videtur
902 1342 1046 1375 custodia
1083 1346 1190 1374 veteris
1222 1342 1386 1375 doctrinae
1409 1350 1440 1374 et
1467 1344 1594 1386 elegan-

110 1396 187 1430 kiae.
231 1400 349 1430 Jactata
369 1398 421 1429 illa
445 1399 704 1442 gravissimarum
722 1410 830 1431 rerum
855 1399 960 1431 studia
982 1401 1008 1432 si
1034 1401 1288 1432 Grammaticum
1304 1401 1456 1444 persequi
1481 1410 1591 1431 cense-

110 1454 239 1493 bimus,
263 1455 445 1499 complures
462 1455 633 1487 nobiscum
655 1457 727 1500 jure
751 1456 968 1495 contendent,
991 1468 1117 1500 nosque
1139 1468 1179 1488 ex
1203 1457 1315 1489 alienis
1330 1457 1589 1501 possessionibus

111 1512 282 1555 dejicient,
314 1518 437 1555 partem
458 1513 645 1550 Histoncis,
677 1521 800 1556 partem
827 1513 1091 1552 Jurisconsulus,-
1111 1520 1236 1558 partem
1260 1515 1344 1545 item
1362 1513 1590 1558 Philosophis,

113 1569 176 1602 sibi
208 1580 268 1600 suo
292 1567 435 1611 quodam
476 1571 547 1611 jure
576 1569 826 1603 vindicantibus,
879 1571 950 1614 Ipsa
984 1577 1129 1602 veterum
1161 1578 1390 1610 monumenta,
1422 1573 1457 1602 in
1478 1571 1596 1602 Gram-

112 1627 306 1658 maticorum
332 1625 396 1657 fide
418 1636 454 1657 ac
478 1625 596 1658 fiducia
620 1626 780 1670 deposita,
803 1626 843 1658 ab
861 1638 974 1658 eorum
997 1639 1074 1659 cura
1097 1634 1128 1659 et
1151 1627 1317 1671 diligentia
1340 1640 1415 1661 cum
1444 1628 1598 1666 salutem,

115 1689 185 1714 tum
208 1682 313 1714 lucem
341 1689 532 1726 exspectant.
586 1683 683 1724 Quod
714 1684 795 1716 milii
814 1684 1007 1728 explicanti,
1039 1685 1081 1718 H.
1103 1686 1141 1718 H.
1172 1687 1210 1718 A.
1227 1687 1292 1725 A„
1312 1693 1349 1717 ut
1372 1686 1512 1731 benigue
1540 1684 1596 1717 ad·

115 1740 200 1778 sitis,
223 1739 427 1771 vehementer
444 1751 532 1782 rogo.

180 1799 331 1828 Veterum
365 1796 545 1828 doctrinam
573 1803 605 1828 et
632 1797 839 1841 elegantiam,
875 1801 1071 1831 Graecorum
1106 1799 1261 1830 nimirum
1292 1806 1322 1830 et
1361 1803 1601 1839 Romanorum,

116 1859 282 1897 propterea
310 1854 482 1896 conjuncte
510 1856 705 1894 memoravi,
731 1863 768 1888 ut
795 1856 892 1887 simul
918 1863 950 1887 et
978 1868 1028 1887 res
1054 1857 1158 1900 ipsas,
1188 1856 1349 1900 quidquid
1388 1868 1500 1889 eorum
1533 1868 1602 1889 mo·

116 1916 282 1942 numentts
312 1910 468 1949 traditur,
505 1917 537 1943 et
563 1911 748 1943 earumdem
780 1911 916 1944 formam
952 1913 1198 1955 complecterer,
1231 1924 1329 1957 quam
1364 1915 1432 1946 sive
1463 1916 1496 1946 in
1527 1915 1594 1945 suis

114 1966 177 2010 ipsi
206 1966 359 2006 inventis,
385 1968 452 2000 sive
477 1968 512 2000 in
539 1968 598 2007 iis,
624 1979 706 2012 quae
733 1968 863 2001 aliunde
897 1969 1124 2010 adsciverunt,
1152 1971 1199 2002 ita-
1222 1971 1387 2014 propriam
1417 1971 1601 2002 hahuerunt

119 2021 269 2069 linguae,
304 2025 482 2064 orationis,
517 2029 668 2069 poeseOS,
698 2037 881 2069 sacrorum,
913 2027 1044 2071 legum,
1075 2027 1315 2068 institutorum,
1336 2029 1421 2061 vitae
1441 2038 1515 2060 cum
1544 2038 1606 2070 pu·

1542 2082 1602 2116 bli-
