1913 2427
630 145 1079 179 ACARMEN.

205 243 249 275 Ut
274 238 388 272 melius
415 237 549 272 doceant
571 237 754 282 hodieque,
781 240 920 271 tonitrua
945 250 1026 283 quae
1051 239 1115 271 sint
1124 251 1133 278 ;

204 311 374 354 Ingenium
400 309 486 341 Flavi
509 309 651 341 inveniat
673 308 747 340 licet
773 319 843 339 acre
871 309 1002 351 Giojae,

201 382 280 420 Quo
303 379 451 423 prodesse
474 379 572 410 modo
596 379 714 422 possit,
740 378 797 421 qui
819 378 934 409 ducere
955 385 1067 410 nautas

207 451 249 482 Vi
271 449 428 492 Magnetis
453 459 526 480 acus
546 448 651 480 valida
671 455 703 480 et
725 447 881 480 versatilis
903 458 977 487 axe3

203 522 278 553 Non
301 527 408 552 tamen
433 518 552 550 idcirco
579 518 778 550 horrendum
804 528 996 561 cognoscere
1018 517 1141 549 fulmen

204 593 400 623 Concessum
417 595 464 620 est
491 588 634 627 homini,
658 588 707 620 vis
732 594 763 619 et
786 588 964 630 Magnetica
985 598 1066 631 quae
1086 587 1135 619 sit.

201 660 342 691 Galvani
364 665 396 691 et
418 657 529 689 Voltae
558 658 698 690 inventis
721 668 806 689 nova
829 656 931 688 multa
954 657 1119 688 docemur.

206 729 331 763 Audeat
358 729 408 760 his
430 728 548 766 homo,
573 728 623 759 vis
647 727 794 759 electrica
817 726 922 758 dicere
943 727 1041 769 quare

203 798 397 836 Nonnullis,
421 805 458 829 ut
486 796 566 828 facta
586 796 745 840 probant,
769 795 960 828 animalibus
985 796 1078 828 insit:

202 868 331 902 Audeat
358 867 427 906 his,
450 872 550 898 totam
575 866 735 898 Tellurem
761 867 833 908 jure
857 865 1042 898 columnam

202 939 396 976 Immanem,
419 944 450 968 et
474 935 610 967 similem
639 935 751 968 Voltae
775 935 944 980 perhibere
963 937 1102 975 minori,

204 1007 343 1040 Effectus
371 1006 507 1045 simila,
530 1006 712 1049 similesque
737 1017 897 1050 exponere
920 1006 1026 1050 leges3

203 1078 281 1108 Non
303 1083 410 1108 tamen
431 1075 528 1113 hinc,
551 1075 657 1107 Tellus
681 1085 722 1106 an
749 1075 862 1108 Voltae
889 1086 1005 1117 magna
1031 1075 1182 1108 columna

204 1148 343 1185 Existat,
364 1145 475 1182 novit,
500 1144 661 1187 similique
683 1144 724 1175 ab
746 1145 871 1187 origine
897 1144 995 1176 nata?

205 1218 249 1247 Ut
273 1214 378 1246 stabili
399 1219 566 1258 penetrent
592 1213 763 1245 redeantve
789 1215 807 1245 a
833 1224 967 1257 corpore
987 1213 1056 1256 lege

203 1285 358 1323 Lumina,
382 1290 431 1315 tot
456 1284 538 1314 mira
559 1289 592 1314 et
611 1294 800 1326 peragamus
819 1282 943 1315 viribus
965 1282 1065 1326 ignis3

204 1354 316 1392 Aeris,
338 1359 393 1385 aut
418 1359 519 1385 terrae
532 1377 541 1393 ‚
563 1359 618 1384 aut
639 1353 724 1384 vires
745 1359 925 1384 scrutemur
951 1362 1122 1396 aquarum,

204 1423 346 1456 Plurima
367 1434 429 1455 nos
450 1423 533 1455 certe
558 1434 626 1455 non
651 1428 791 1466 notaque
814 1421 894 1454 sacta
922 1421 1091 1453 docemur:

205 1494 254 1525 Ne
280 1499 388 1524 tamen
414 1492 545 1524 illorum
571 1498 720 1525 naturam
741 1501 901 1535 exponere
930 1497 1054 1530 tentes,

206 1564 235 1594 O
259 1561 403 1594 mortalis
426 1561 546 1594 homo!
569 1573 637 1594 non
663 1567 711 1594 est
735 1561 889 1600 mortale,
914 1559 1003 1603 quod
1032 1557 1138 1603 optas!

247 1630 310 1663 Sed
334 1631 399 1674 jam
424 1637 551 1675 tempus
571 1632 632 1664 erit
656 1642 726 1662 non
752 1637 864 1663 notam
889 1629 996 1662 dicere
1021 1639 1177 1661 caussam.

204 1700 338 1744 Imperii
366 1699 470 1743 qualis
497 1700 679 1733 moderator
706 1702 778 1744 jure
803 1700 947 1744 supremi

205 1770 245 1802 Et
270 1768 397 1809 bonus,
418 1776 450 1802 et
473 1771 598 1814 sapiens
625 1781 693 1803 non
713 1769 866 1802 omnibus
893 1769 1003 1801 omnia
1025 1767 1149 1813 pandit.

198 1839 319 1882 Regius
340 1847 371 1871 et
392 1839 494 1883 qualis
519 1839 632 1873 doctus
658 1840 760 1872 celare
782 1840 947 1880 minister,

207 1907 346 1951 Cognita
367 1909 533 1943 turbarent
553 1921 636 1954 quae
662 1909 792 1954 publica
812 1908 988 1942 commoda·
1006 1909 1116 1953 regni,

207 1978 412 2019 (Assimlare
438 1979 512 2012 licet
537 1979 632 2013 nobis
653 1981 682 2014 si
708 1980 842 2025 grandia
861 1978 1014 2024 parvis‚)
1035 2019 1037 2021 Ι

925 2049 952 2082 C
976 2058 995 2081 a

1553 156 1592 190 ¹9

1535 517 1595 558 145

1530 864 1592 897 150

1534 1211 1595 1245 155

1532 1554 1596 1591 160'

1533 1903 1594 1938 165

1533 2043 1591 2085 Τῆς
