1913 2427
468 152 950 186 DISSERTATIO
1016 150 1297 186 MEDICA.
1599 147 1643 184 23

127 240 250 272 (hodum
280 240 430 272 discerent.
470 242 504 271 Id
528 250 595 279 ergo
622 247 740 278 egerunt
766 247 798 269 ut
822 240 981 276 detegerem
1007 250 1125 271 caussas
1159 240 1327 270 morborum
1344 258 1355 275 ‚
1382 238 1493 275 hasque
1521 244 1635 268 amove-

127 302 209 332 nent3
231 301 263 324 ut
277 294 335 330 ita,
354 294 467 323 caussis
484 294 628 330 sublatis,
648 301 676 322 et
686 294 855 322 tollerentur
870 292 999 322 effectus.
1040 293 1095 322 Sed
1109 293 1221 322 diversa
1236 291 1346 320 ratione
1360 291 1501 328 eiusmodi
1515 298 1633 320 caussae

127 345 253 376 amoveri
274 352 417 382 possunt,
437 346 591 381 aliquando
615 345 697 374 etiam
723 343 871 381 opposita.

166 397 209 426 Ut
222 406 289 434 ergo
301 397 426 432 scirent,
443 396 536 432 qualis
553 396 582 425 in
599 395 737 432 singulari
749 403 817 422 casu
834 393 941 430 optima
956 400 1031 424 esset
1044 395 1137 431 ratio,
1158 395 1192 424 ad
1208 395 1379 432 peculiarem
1397 394 1490 423 morbi
1506 400 1610 423 statum
1621 414 1632 429 ,

127 458 144 478 a
168 449 332 478 conditione
349 448 424 485 aegri
440 447 673 482 determinatum,
700 446 774 482 ipsis
789 445 844 474 fuit
865 447 1077 476 attendendum.
1119 449 1151 476 ln
1173 447 1261 483 priori
1285 455 1373 481 casu,
1395 439 1456 474 ubi‘
1472 452 1581 474 tantum
1604 446 1638 473 de

127 502 254 536 tatione,
275 509 333 536 qua
355 508 456 529 caussa
473 499 565 528 morbi
587 500 617 528 in
648 499 814 528 universum
838 497 903 526 tolli
925 498 1038 534 possit,
1064 505 1123 527 erat
1143 499 1300 536 agendum,
1327 498 1531 526 lndicationem
1558 504 1640 532 gene-

128 552 213 582 ralem
240 551 296 580 sibi
323 551 538 587 formaverum3
567 550 631 579 dein
657 558 742 585 vero,
770 549 820 578 ubi
843 557 858 577 e
878 550 1012 585 pluribus
1039 550 1183 579 methodis
1199 572 1210 586 ,
1240 549 1359 579 tollendi
1385 550 1457 578 hanc
1487 557 1638 584 caussam,

131 611 189 632 una
211 610 268 632 erat
289 603 450 640 seligenda,
477 610 550 638 quae
571 610 637 638 prae
659 600 758 629 ceteris
783 600 851 628 huie
878 600 958 628 casui
985 601 1169 637 conveniret,
1197 601 1402 631 Indicationem
1423 600 1573 637 specialem
1599 600 1642 628 in-

130 655 228 684 venire
247 654 343 683 conati
365 660 444 682 sunt.
484 653 533 682 Sic
555 662 584 682 v.
608 661 637 689 g.
661 652 762 681 morbo
783 660 863 688 aeger
885 652 1014 688 laboret,
1045 653 1130 690 cujus
1152 662 1254 682 caussa
1273 653 1312 682 sit
1334 653 1464 682 materies
1487 653 1642 687 morbosa,

131 706 163 735 in
185 706 285 742 primis
301 705 358 735 viis
375 706 515 740 collecta,
535 711 585 733 aut
607 704 748 740 inquilina
771 710 820 732 aut
840 703 1005 740 peregrina,
1033 704 1101 732 haec
1126 704 1263 733 indicabit
1283 704 1400 733 Medico
1428 703 1566 732 rationem
1587 711 1644 730 me-

131 757 216 786 dendi
234 757 303 785 huic
327 757 448 791 morbo,
470 757 596 792 haecque
613 755 754 785 Indicatio
776 755 829 784 erit
850 763 1010 790 evacuans3
1035 762 1104 783 sunt
1124 756 1197 784 enim
1221 756 1401 792 expellendae
1423 756 1541 790 sordes,
1575 763 1647 790 quae

131 816 261 836 caussam
278 807 371 836 morbi
388 807 591 842 constituunt,
609 814 641 835 ut
658 807 703 835 hic
720 806 783 835 tolli
796 807 908 843 possit;
928 814 1025 835 verum
1041 807 1180 842 plurimae
1191 808 1289 836 adesse
1302 806 1483 835 conditiones
1500 813 1646 842 possunt,

132 868 208 896 quae
231 858 415 895 praesentiam
441 859 541 887 harum
565 858 693 889 sordium
713 859 967 893 concomitautur,
994 857 1068 886 intcr
1088 867 1160 894 quas
1188 858 1373 887 recensendae
1398 864 1467 886 sunt
1494 857 1648 886 intestino-

133 916 198 938 rum
220 910 406 939 inflammatio
430 916 458 939 et
478 919 599 947 magnus
622 910 778 939 debilitatis
796 911 911 946 gradus.
953 909 1059 938 Eadem
1084 918 1151 947 ergo
1179 910 1246 938 licet
1274 915 1383 938 maneat
1399 908 1558 943 Indicatio,
1586 917 1649 937 sor·

132 961 213 990 dium
246 970 348 998 nempe
372 962 525 998 expulsio,
555 962 623 990 haec
645 968 738 990 tamen
759 961 794 990 ab
818 960 898 989 hisce
925 959 1142 989 conditionibus
1168 960 1249 989 valde
1279 958 1463 987 limitabitur.
1508 957 1589 996 Quae
1612 958 1647 986 de

134 1013 260 1050 singulis
280 1014 360 1042 hisce
378 1013 607 1043 Indicationibus
632 1013 781 1048 diximus,
801 1012 897 1041 fusius
919 1012 1132 1048 quodammodo
1157 1011 1297 1047 explicare
1321 1010 1405 1038 liceat
1425 1009 1502 1046 (2).

173 1064 368 1093 Indicationes
390 1066 531 1102 generales
558 1071 646 1101 sunt,
673 1074 745 1101 quae
774 1064 925 1093 Medicum
950 1065 1073 1100 docent,
1101 1064 1172 1100 quid
1195 1063 1328 1092 universe
1352 1062 1383 1091 in
1406 1069 1476 1091 casu
1500 1060 1588 1090 obvio
1609 1061 1649 1089 sit

134 1116 294 1152 agendum
316 1116 415 1145 harum
433 1126 488 1154 ope
509 1117 596 1146 discit
618 1118 773 1154 generalem
799 1117 949 1154 quamdam
968 1115 1153 1150 methodum,
1181 1123 1266 1151 quam
1291 1113 1375 1150 sequi
1393 1112 1494 1147 debet,
1516 1118 1549 1140 ut
1573 1119 1650 1140 mor-

134 1167 205 1195 bum
229 1168 310 1196 illum
333 1176 432 1197 curare
459 1169 555 1205 possit
576 1169 654 1207 (3).
695 1169 828 1199 Methodi
845 1171 896 1200 hae
913 1171 1052 1207 generales
1069 1169 1208 1206 plurimae
1228 1175 1315 1204 sunt;
1343 1168 1394 1196 has
1416 1166 1466 1196 Cl.
1487 1165 1652 1196 Voltelenus

133 1218 328 1248 Indicationes
352 1227 502 1256 nuncupat
520 1220 697 1256 curatorias,
726 1228 928 1259 enumeratque
955 1228 1129 1258 sequentes,
1157 1220 1362 1250 indicationem
1387 1219 1576 1251 relaxantem,
1604 1224 1650 1245 ro-

134 1269 301 1305 borantem,
323 1272 483 1307 sedantem,
506 1273 669 1302 alterantem
691 1281 742 1301 seu
769 1273 978 1310 corrigentem,
1007 1278 1035 1301 et
1054 1277 1249 1301 evacuantem.
1289 1270 1321 1298 Si
1334 1278 1400 1306 ergo
1422 1269 1457 1297 ad
1477 1275 1591 1304 aegrum
1607 1274 1654 1295 aea

135 1321 214 1350 cedit
233 1322 387 1359 Medicus,
417 1324 467 1359 qui
487 1333 518 1353 v.
535 1333 565 1361 g.
595 1324 735 1353 tensionis
757 1325 907 1360 quemdam
931 1332 1047 1353 sensum
1069 1323 1099 1351 in
1126 1322 1245 1351 artubus
1267 1327 1295 1349 et
1314 1322 1350 1350 ad
1379 1319 1490 1356 spinam
1511 1318 1588 1348 dorsi
1606 1326 1653 1347 ex-

135 1372 262 1408 peritur,
282 1381 348 1401 cum
373 1373 531 1409 respirandi
551 1375 717 1403 difficultate
737 1381 764 1403 et
782 1374 940 1410 anxietate,
962 1381 989 1403 et
1014 1374 1152 1411 gravitate
1174 1372 1299 1409 capitis,
1318 1372 1355 1401 'et
1378 1371 1507 1400 siccitate
1527 1370 1604 1404 oris,
1625 1375 1654 1397 et

139 1422 235 1452 totius
255 1423 386 1459 corporis
407 1424 569 1461 debilitate,
591 1426 677 1462 cujus
699 1426 775 1454 cutis
797 1425 901 1461 pallet,
931 1425 960 1454 in
991 1433 1047 1460 qua
1069 1433 1135 1453 vasa
1159 1424 1289 1460 collapsa
1310 1431 1395 1458 sunt3
1418 1429 1446 1451 et
1465 1423 1570 1458 pulsus
1588 1428 1652 1457 par-

140 1472 192 1508 vi,
211 1473 314 1502 celeres
339 1475 522 1511 acdebiles,
550 1482 704 1511 totumque
727 1484 834 1512 corpus
859 1476 962 1513 friget3
992 1464 1059 1504 dum
1089 1476 1187 1511 elapso
1208 1475 1346 1511 temporis
1372 1473 1521 1503 intervallo
1543 1481 1652 1508 corpus

140 1533 243 1553 rursus
258 1526 363 1554 sensim
385 1525 572 1562 inturgescit;
594 1533 622 1555 et
639 1535 706 1555 vasa
719 1527 813 1562 cutis,
836 1535 907 1562 quae
929 1527 1019 1563 magis
1043 1526 1145 1560 rubet,
1167 1534 1267 1554 rursus
1287 1526 1505 1561 expanduntur,
1528 1527 1651 1560 corpus-

142 1584 216 1612 que,
238 1577 317 1612 quod
329 1583 408 1604 antea
424 1577 588 1612 inhorruit,
614 1577 720 1606 sensim
738 1578 904 1613 incalescit,
932 1577 1081 1614 respiratio
1109 1576 1222 1605 facilior
1244 1576 1389 1611 redditur,
1418 1575 1522 1611 pulsus
1549 1583 1578 1603 se
1602 1574 1653 1602 ite-

139 1635 204 1656 rum
226 1628 363 1656 attollunt
382 1633 409 1656 et
426 1628 562 1657 tardiores
586 1628 678 1663 fiunt,
701 1628 742 1657 sic
765 1635 858 1657 tamen
881 1635 914 1657 ut
934 1628 1026 1657 adime
1049 1636 1198 1657 numerum
1226 1627 1397 1656 naturalium
1418 1631 1571 1662 superent,
1598 1625 1655 1653 sic-

140 1678 214 1707 citas
233 1679 291 1707 oris
315 1687 373 1707 non
391 1688 511 1714 prorsus
529 1686 642 1715 cessat,
662 1679 847 1716 transpiratio
872 1680 983 1708 taudem
1005 1687 1143 1717 augetur,
1167 1686 1194 1707 et
1213 1679 1294 1708 urina
1316 1686 1444 1707 crassum
1472 1675 1592 1712 deponit
1612 1683 1655 1704 se-

142 1730 301 1759 dimentum
323 1731 406 1769 (4),
436 1739 471 1760 ex
493 1739 638 1760 concursu
667 1731 770 1760 horum
806 1738 1033 1768 symptomatum
1063 1736 1166 1760 noscet
1191 1729 1265 1759 febri
1288 1729 1416 1758 laborare
1438 1734 1604 1765 aegrotum,
1625 1734 1655 1757 et

1630 1788 1656 1808 s1

175 1883 226 1911 (ιι)
240 1883 307 1906 Con!r
323 1884 350 1910 5.
366 1882 392 1905 C.
406 1885 468 1911 ΩσιἸ,
485 1885 588 1913 Emwurf
595 1886 649 1906 einer
664 1885 803 1914 Augen-elnon
819 1872 928 1914 Tlur'apc'e,
944 1886 1002 1913 Cap·
1016 1885 1055 1908 11¹.
1076 1888 1089 1913 5
1100 1890 1123 1914 7.
1146 1889 1197 1912 pne·
1209 1882 1248 1910 ⁶3·

174 1925 189 1951 (
198 1925 229 1951 3)
245 1925 314 1946 conf.
334 1924 360 1946 P.
378 1925 404 1952 J.
420 1926 509 1953 Hamh,
525 1927 637 1948 Handbuch
651 1927 687 1948 der
699 1927 836 1955 Augentum
850 1927 961 1955 Tlunpu'r,
978 1933 1030 1954 pag.
1045 1932 1092 1952 107.
1113 1926 1126 1952 S
1138 1924 1188 1948 288·

173 1965 225 1994 (4)
239 1966 290 1988 vm.
307 1966 332 1988 C.
348 1967 459 1994 spungsl,
475 1967 587 1990 Handhuch
599 1969 635 1991 dar
647 1969 784 1998 munuera,
800 1969 865 1991 ‘roma
881 1969 929 1992 sec,
951 1974 1002 1996 pag.
1019 1974 1052 1996 ¹7·
1075 1967 1132 1995 cap·
1147 1967 1166 1989 1.
1181 1965 1210 1988 de
1223 1965 1289 1988 febre
1303 1964 1327 1989 lu
1340 1965 1486 1989 universum,
1502 1967 1525 1984 et
1538 1968 1587 1990 sqq.

981 2019 1009 2049 D
