1913 2427
334 147 813 184 Dlss'ERTATIO
873 147 1410 183 PHILOSOPHICA.
1593 142 1634 178 13

426 496 766 544 CAPUT
860 468 1304 542 PRIMUM·

186 653 234 677 DE
260 652 459 676 PRINCIPIO
484 652 765 673 PHILOSOPHIAE
795 650 965 672 MORALIS
990 651 1037 671 ET
1066 650 1313 671 OFFICIORUM
1338 652 1557 681 UNIVERSss,
1606 661 1609 663 ⁴

380 704 505 732 DEQUE
534 703 724 724 VETERUM
751 702 840 731 EJUS
866 702 1153 723 INVESTIGANDI
1180 703 1364 724 RATIONE·

115 815 327 887 Antequam
353 849 387 877 ad
409 847 586 885 Principium
607 848 812 885 Philosophiae
836 847 958 877 Mox-alis
976 854 1004 876 et
1028 848 1194 877 Officiorum
1219 856 1252 877 ex
1276 849 1418 878 Ciceronis
1443 847 1560 885 seriptis
1583 855 1630 876 ex-

117 903 281 939 ponendum
316 909 488 936 pergamus,
518 901 590 936 quid
615 900 812 929 Veteresftale
840 900 1017 936 Principium
1041 900 1185 934 dixerint,
1213 901 1347 929 Cicerone
1375 900 1517 936 imprimis
1542 901 1632 934 duce,

118 952 374 986 constituendum,
397 952 518 988 ejusque
534 951 617 989 origo
640 958 667 980 et
689 958 789 980 natura
811 953 907 980 eodem
928 961 961 980 ex
983 952 1064 982 fonte
1087 954 1176 988 paulo
1194 952 1280 981 altius
1303 954 1453 989 repetenda
1473 953 1594 982 videtur.

157 1003 314 1038 Postquam
337 1003 441 1032 Gracci
467 1003 683 1040 Philosophiam
705 1010 794 1032 totam
823 1005 928 1040 majore
952 1005 1007 1040 jam
1040 1004 1138 1032 studio
1158 1005 1286 1033 excolere
1309 1004 1494 1040 coepissent,
1521 1012 1580 1033 eam
1604 1002 1634 1031 in

118 1060 175 1082 tres
204 1060 317 1090 partes,
341 1056 430 1091 (μέρη
454 1054 496 1082 illi
510 1057 638 1093 vocant)
662 1055 843 1090 diviserunt,
867 1055 924 1091 (ut
945 1062 1046 1083 auctor
1064 1062 1108 1083 est
1128 1056 1215 1093 Diog.
1240 1056 1346 1084 Laert.
1370 1064 1499 1092 prooem.
1518 1057 1583 1093 18.)
1603 1057 1635 1085 τὸ

113 1107 246 1144 φυσικὸν,
277 1109 307 1137 τὸ
331 1108 436 1142 ἠθικὸν,
465 1113 492 1135 et
522 1112 553 1138 τὸ
576 1109 767 1143 samu-tabu,
796 1108 859 1142 vel,
890 1113 923 1135 ut
956 1107 1055 1135 Cicero
1086 1106 1119 1135 dc
1152 1108 1221 1135 Fin.
1251 1107 1291 1136 V.
1311 1116 1339 1142 4.
1379 1128 1396 1142 „
1418 1116 1474 1136 una
1502 1116 1566 1143 pars
1591 1112 1637 1140 est

119 1176 138 1193 „
157 1163 291 1193 naturae;
321 1157 477 1187 disserendi
503 1160 613 1196 altera3
650 1159 766 1188 vivendi
796 1158 889 1187 tertia.
906 1157 925 1169 ’²
977 1157 1069 1186 Conf.
1098 1158 1169 1186 idem
1195 1158 1254 1186 Cic.
1279 1159 1304 1186 T
1304 1168 1359 1193 [μσς
1378 1158 1424 1195 Ιῼ.
1446 1158 1485 1187 V.
1508 1168 1554 1195 24.
1585 1167 1634 1194 25.

114 1207 212 1237 Acad.
236 1208 277 1246 Q„
298 1209 322 1239 Ι.
344 1217 371 1245 5.
404 1209 439 1238 de
468 1210 555 1241 Orat.
583 1211 604 1241 I.
630 1218 674 1246 15.
706 1210 740 1238 de
762 1209 853 1246 Legg.
880 1209 905 1238 I.
928 1218 974 1245 23.
1007 1208 1113 1238 Davis.
1142 1210 1176 1238 ad
1211 1210 1271 1239 Cio.
1297 1211 1363 1239 Fin.
1392 1211 1445 1240 IV.
1468 1219 1496 1239 2.
1524 1217 1577 1239 not
1606 1219 1638 1246 4.

118 1258 189 1288 Non
215 1260 294 1288 aliter
321 1261 428 1290 Seneca
445 1282 455 1297 ,
485 1262 583 1300 Epist.
611 1264 656 1292 88.
696 1282 714 1298 ‚,
735 1267 777 1289 est
804 1261 901 1296 aliqua
929 1269 993 1298 pars
1023 1260 1229 1297 Philosophiae
1263 1262 1428 1297 naturalis,
1466 1269 1508 1290 est
1542 1262 1652 1298 aliqua·

117 1329 136 1346 „
157 1311 292 1346 moralis,
319 1318 363 1339 est
387 1313 484 1348 aliqua
511 1313 674 1342 rationalis.
692 1313 711 1325 ’⁷
760 1313 858 1347 Atque
891 1312 968 1340 illam
1000 1312 1117 1347 quidem
1142 1312 1252 1341 tertiam
1283 1312 1399 1342 vivendi
1421 1320 1548 1350 partem,
1575 1313 1640 1342 sive

115 1362 149 1392 eb
170 1363 273 1397 ἠθικὸν,
305 1363 503 1393 describebant
533 1366 563 1395 τὸ
595 1366 653 1402 περὶ
677 1368 723 1395 τοῦ
754 1366 837 1401 βίου,
866 1365 912 1394 καὶ
943 1366 995 1394 τῦν
1026 1367 1091 1401 πρὸς
1121 1366 1214 1401 ἡμᾶς,
1242 1370 1273 1392 ut
1301 1365 1386 1393 tradit
1412 1364 1568 1393 Lais-tius:
1603 1364 1641 1392 ad

118 1421 206 1449 quam
231 1414 412 1449 quaestiones
437 1415 595 1445 referendas
617 1416 789 1451 censebant,
817 1436 835 1451 ‚,
857 1415 928 1451 quid
949 1415 987 1444 sit
1004 1415 1090 1450 finis,
1112 1416 1183 1451 quid
1198 1422 1352 1444 extremum
1365 1437 1374 1451 ‚
1397 1416 1469 1451 quid
1487 1416 1641 1450 ultimum,

121 1484 142 1499 Ἃ
164 1472 223 1499 quo
247 1465 306 1493 sint
324 1466 418 1494 omnia
435 1467 506 1496 bene
527 1467 659 1503 vivendi,
685 1474 817 1502 recteque
838 1466 961 1494 faciendi
985 1466 1127 1501 consilia,
1151 1465 1316 1494 referenda?
1343 1465 1414 1501 quid
1437 1472 1572 1502 sequatur
1593 1474 1644 1494 na·

125 1537 145 1552 „
164 1523 246 1552 tura,
270 1523 302 1545 ut
326 1525 469 1546 summurn
492 1527 525 1547 ex
555 1519 642 1547 rebus
665 1518 843 1555 expetendis:
880 1517 952 1552 quid
977 1516 1070 1554 fugiat
1097 1524 1129 1545 ut
1153 1524 1309 1545 extremum
1334 1517 1528 1546 malortlm?⁷'
1552 1517 1639 1554 (Cic.

121 1568 189 1597 Ft'n.
210 1567 234 1596 Ι.
254 1577 282 1603 4.
315 1568 407 1597 Conf.
429 1569 463 1597 de
485 1569 561 1607 Offic.
583 1570 608 1599 Ι.
632 1580 660 1599 2.
685 1571 737 1607 3.)
775 1569 875 1606 Hujus
895 1568 1100 1605 Philosophiae
1116 1568 1254 1605 originem
1273 1575 1302 1597 et
1324 1568 1562 1597 constitutionem
1585 1567 1644 1596 Ve-

120 1625 194 1649 teres
211 1620 356 1648 coinmuni
381 1622 510 1650 omnium
531 1622 670 1658 suffragio
691 1626 822 1658 repetunt
844 1629 858 1649 a
883 1621 1023 1656 Socrate‚·
1051 1620 1110 1650 vid.
1134 1620 1221 1658 Diog.
1242 1620 1349 1648 Lam-t.
1373 1620 1502 1649 prooem.
1528 1627 1571 1655 14.
1596 1620 1642 1649 18.

121 1669 159 1700 L.
180 1670 219 1700 11.
243 1672 288 1700 16.
314 1681 359 1701 20.
383 1681 431 1701 21.
453 1673 504 1701 ubi
529 1673 611 1702 conf.
635 1674 758 1711 Menag.
781 1680 808 1702 et
829 1673 879 1702 ΙΙΙ.
903 1672 951 1708 56.
993 1673 1050 1703 Cic.
1077 1671 1170 1702 Aead.
1195 1671 1236 1709 Q,
1259 1672 1282 1702 1.
1308 1681 1335 1701 1.
1355 1681 1384 1707 4.
1414 1671 1448 1700 cle
1473 1671 1540 1699 Ftn.
1556 1670 1596 1699 11.
1613 1678 1643 1700 ι.

123 1721 204 1752 Tusc.
227 1722 268 1759 Q„
290 1723 329 1752 V.
349 1732 380 1759 4.
408 1724 507 1760 ibique
526 1725 633 1755 Davis.
663 1732 726 1754 not.
748 1735 778 1761 4.
808 1731 835 1754 et
858 1727 892 1754 ad
917 1725 996 1757 Τίμα.
1021 1723 1061 1760 Q.
1087 1723 1138 1751 ΙΙΙ.
1159 1731 1189 1757 4.
1216 1728 1280 1751 not.
1301 1731 1330 1750 2.
1359 1723 1454 1751 Seme.
1478 1722 1572 1759 Epist.
1590 1729 1642 1756 71.

125 1773 204 1802 Haec
223 1775 311 1811 igitur
331 1783 405 1811 quae
428 1777 557 1813 dejusto
578 1783 606 1804 et
629 1785 742 1813 aequo,
764 1778 798 1806 de
821 1777 954 1815 iegibus,
975 1777 1010 1805 de
1033 1775 1133 1804 officiis
1155 1780 1182 1802 et
1201 1773 1349 1809 moribus,
1371 1772 1510 1809 exponit,
1537 1771 1645 1800 dicitnr

126 1827 310 1866 Philosophia
325 1829 464 1858 Moralt‘s.

168 1878 241 1915 Ejus
266 1885 357 1907 autem
381 1881 586 1917 Philosophiae
615 1880 737 1910 Moralis
765 1881 865 1910 Cicero
895 1881 966 1909 duas
995 1878 1180 1916 potissimum
1207 1877 1276 1905 facit
1296 1883 1411 1913 partcs;
1440 1876 1503 1905 sive
1525 1884 1585 1904 eam
1606 1876 1642 1905 ad

130 1930 271 1966 duplicem
297 1932 492 1966 quaestionem
512 1933 614 1970 refcrt3
637 1934 671 1962 dc
694 1934 770 1971 Offic,
795 1934 820 1964 Ι.
843 1942 869 1970 3.
900 1954 918 1968 „
939 1939 1028 1960 unum
1054 1939 1144 1967 genus
1170 1935 1229 1964 est,
1259 1929 1338 1964 quod
1359 1927 1480 1964 pertinet
1502 1928 1536 1956 ad
1561 1928 1646 1955 linem

133 1999 154 2020 ,,
172 1980 333 2012 bonorum:
356 1983 496 2021 aiterum,
518 1986 598 2022 quod
618 1986 749 2024 positum
778 1993 821 2016 est
844 1987 874 2016 in
896 1983 1077 2023 praeceptis,
1099 1982 1208 2019 quibus
1231 1982 1262 2011 in
1282 1989 1380 2012 omnes
1400 1986 1495 2019 partes
1519 1988 1590 2008 usus
1602 1979 1648 2006 v}-

921 2037 981 2071 133
1566 2036 1651 2067 „tae
