1913 2427
400 129 877 166 DISSERTATIO
941 132 1336 170 LITERARIA.
1585 136 1630 173 35

300 241 322 257 ⁹
341 220 398 249 Het
418 218 585 256 aangezicht
608 217 663 246 ziet
680 215 818 245 rdootsch.
858 215 915 245 Het
932 217 1008 248 keert
1031 220 1066 248 de
1085 220 1198 250 blicken
1219 222 1311 252 dwars

305 293 323 309 „
342 271 406 299 Van
425 270 500 298 ieder
523 268 567 304 af,
588 277 643 298 van
662 267 686 295 ³t
705 266 794 302 licht,
814 275 869 295 van
884 268 947 297 lach
969 278 1004 299 en
1025 271 1184 308 blydschap
1202 268 1296 309 war's3

303 343 322 358 ,,
343 322 401 350 Het
421 322 547 350 blaeuwe
565 320 677 349 schuim
699 317 827 355 begroeit
846 318 879 346 de
898 320 1016 357 scherpe
1035 331 1069 351 en
1088 323 1166 352 holle
1186 324 1301 352 kiezen:

296 394 318 408 Ἤ
339 373 383 401 De
406 380 477 408 tong
500 372 588 408 hangt
607 377 696 399 zwart
717 377 772 398 van
799 369 872 406 gift:
894 370 928 398 de
945 371 1017 401 beck
1034 374 1101 402 doet
1125 374 1185 404 niet
1206 376 1260 404 dan
1282 374 1389 404 biezen„

301 448 318 463 „
338 427 381 455 De
403 426 525 454 kaecken
548 425 641 454 vallen
665 424 713 459 in,
733 423 864 459 begruiSt
887 431 943 452 met
965 432 1032 453 eene
1051 425 1134 454 korst

300 498 320 514 „
339 477 402 506 Van
423 477 587 506 schimmel:
609 483 712 512 groene
734 474 779 511 gal
798 480 929 510 verstopt
949 475 982 503 de
997 483 1108 505 raeuwe
1127 476 1226 506 borst:

299 548 318 563 „
337 526 395 555 Het
414 526 538 563 slorrept
557 524 809 558 menschenbloet,
831 532 865 552 en
890 525 967 560 plast
986 525 1025 554 ’er
1045 527 1073 555 in
1096 534 1140 555 tot
1164 527 1321 557 d'encklen.

302 599 321 614 „
341 578 399 606 Het
419 577 467 613 lyf
483 577 590 613 schynt
613 584 662 605 een
681 583 821 612 geraemt,
844 582 940 612 gestut
959 586 1014 606 van
1035 578 1141 615 mag’re
1163 578 1343 608 schencklen.

301 649 320 663 „
339 627 471 657 Gantsch
487 628 539 655 dor
558 635 593 655 en
615 627 789 663 mergeloos:
812 626 871 655 Het
891 627 993 663 schept
1016 628 1106 656 alleen
1128 629 1274 658 vermaeck

300 699 318 715 „
338 679 372 708 In
394 678 418 706 's
440 678 539 706 anders
561 677 760 716 ongenoeght:
784 677 832 706 het
853 678 930 715 oogh
953 678 1060 715 kryght
1082 679 1200 708 nimmer
1222 678 1357 709 vaeck:”

144 757 228 795 Quae
257 755 413 791 descriptio
451 762 510 783 non
550 759 660 783 tantum
701 754 863 784 Oviditmae
891 755 984 791 (Met.
1018 756 1038 785 1.
1062 755 1110 790 11,
1137 763 1165 785 v.
1186 764 1243 792 775
1266 771 1303 781 —-
1325 756 1414 792 783.)
1444 754 1620 792 aequiparari

109 815 224 846 potest,
253 808 304 836 sed
319 807 359 836 ita
377 813 421 836 est
448 806 516 836 artis
539 812 567 836 et
588 807 742 845 elegantiae
766 808 868 844 plena,
893 813 926 836 ut
954 806 1013 836 utri
1040 807 1134 844 palma
1157 807 1314 844 praebenda
1337 807 1377 836 sit
1392 826 1403 843 ,
1431 806 1644 844 pronuntiare*

108 869 168 890 non
192 859 316 888 audeam.

825 962 854 998 s.
896 967 924 997 5.

148 1064 184 1095 In
214 1061 404 1099 exprimendis
434 1061 595 1092 tenerrimis
628 1061 782 1092 affectuum
812 1061 941 1091 motibus
955 1081 967 1098 ,
1002 1069 1098 1091 amore
1127 1069 1150 1091 e.
1175 1068 1203 1099 g.
1227 1066 1374 1098 parentum
1403 1067 1468 1096 etga
1492 1058 1619 1094 liberos,

107 1115 264 1144 liberorum
284 1123 348 1151 erga
367 1120 495 1150 parentes
513 1113 635 1150 pietate,
656 1122 748 1150 neque
770 1122 830 1143 non
853 1113 883 1142 in
911 1113 1046 1143 ornandis
1070 1113 1212 1148 exordiis,
1235 1111 1390 1142 Vondelius
1410 1117 1517 1140 veteres
1543 1109 1621 1141 haud
1640 1142 1644 1146 .

110 1174 175 1196 raro
197 1166 397 1202 adumbravit3
421 1166 500 1202 quod
520 1172 553 1194 ut
574 1165 622 1194 fiat
644 1165 847 1200 manifestius,
868 1173 882 1194 e
901 1165 1035 1202 plurimis
1057 1165 1121 1194 aliis
1145 1164 1212 1201 (4)
1233 1162 1380 1199 sequentia
1399 1160 1549 1190 sufficient.

147 1219 191 1249 Ut
213 1219 243 1248 in
263 1219 422 1248 Phoenissis
447 1219 620 1258 Euripidis,
641 1219 681 1247 ita
701 1218 784 1247 etiam
810 1219 839 1248 in
861 1217 964 1247 Nostri
985 1215 1103 1246 Davide
1126 1215 1157 1245 in
1178 1215 1310 1252 Regnum
1333 1212 1487 1247 restituto,
1516 1208 1623 1248 praeci-

111 1278 189 1307 puus
213 1270 248 1299 ad
271 1271 429 1300 movendos
450 1270 572 1300 affectus
592 1271 726 1300 stimulus
744 1277 788 1299 est
810 1270 983 1308 φιλοπαιδίαι.

147 1320 181 1349 In
208 1320 388 1357 Phoenissis,
413 1330 498 1351 versu
522 1330 612 1358 1074,
640 1321 760 1351 nuntius
789 1322 824 1350 acl
851 1320 993 1357 Jocasten
1011 1317 1091 1347 venit
1106 1338 1116 1352 ,
1147 1314 1307 1346 obsidionis
1333 1313 1418 1343 finem
1445 1314 1625 1342 narraturus·v

105 1371 198 1401 Prima
221 1371 319 1401 matris
343 1372 473 1409 quaestio
501 1381 561 1403 non
588 1373 624 1402 ad
646 1372 767 1409 urbem,
795 1380 856 1402 non
884 1372 920 1402 ad
940 1378 1060 1407 muros,
1089 1369 1139 1399 sed
1162 1369 1199 1399 ad
1225 1367 1304 1398 filios
1325 1367 1458 1397 absentes
1483 1362 1623 1402 pertinet:

106 1431 136 1453 v.
163 1431 256 1461 1079,
276 1432 343 1461 sqq.

325 1512 377 1544 *Ω
395 1513 516 1552 φίλτατ’
538 1511 555 1547 ἦ
576 1524 626 1544 που
646 1513 790 1551 ξυμφορὰν
811 1512 882 1548 ἥκεις
902 1511 989 1549 Φέρων

332 1564 504 1598 Ἐτεοκλέους
525 1565 668 1599 θανόντος,
688 1564 719 1595 οὗ
739 1563 805 1601 παρ’
824 1563 930 1593 ἀσπίδα

333 1616 459 1651 Βὲβηκκς
481 1615 535 1646 αἰεὶ
547 1635 556 1650 ,
575 1616 711 1651 πολεμίων
730 1615 822 1651 εἵργων
841 1615 932 1650 βέλη

329 1667 369 1695 T!
389 1677 432 1701 μοι
451 1665 511 1696 πόθ’
532 1666 602 1701 ἥκεις
623 1667 711 1696 καινὸν
729 1667 859 1701 ἀγγελῶν
879 1663 968 1699 {naci

9 1715 11 1734 ⁴
326 1717 479 1753 Τέθνηκεν,
501 1718 517 1752 ἦ
537 1719 569 1756 ζῇ
589 1722 655 1752 παῖς
676 1717 761 1754 indu
782 1715 899 1754 σήμαινέ
918 1724 977 1752 μοι.

0 1804 13 1834 »Ξ
142 1803 247 1833 Eadem
268 1803 327 1833 fere
347 1805 456 1834 ratione
478 1806 508 1835 in
532 1805 610 1835 Actu
632 1806 735 1843 quinto
757 1803 936 1844 Tragoediae
958 1800 1102 1832 Davidem
1131 1799 1259 1838 agentis,
1285 1794 1444 1830 Achimads
1467 1793 1502 1824 ad
1511 1791 1617 1831 Regem

10 1848 13 1867 ¹
103 1853 291 1892 Judacorum
315 1857 459 1894 mittitur,
480 1865 573 1887 rerum
596 1863 704 1887 statum
727 1856 935 1894 exposituru55
957 1853 1006 1884 cui
1027 1852 1124 1884 statim
1142 1851 1223 1882 Rex:
1554 1880 1621 1911 Hae

1517 1901 1535 1920 Β

128 1953 178 1984 (4)
195 1955 282 1985 Dllogh
297 1957 373 1980 munia
385 1963 410 1980 e·
428 1963 451 1986 g.
468 1958 497 1982 u
511 1958 607 1982 verbm·
622 1963 635 1981 e
652 1958 738 1981 cnud:
752 1956 869 1981 desumus.

915 2016 941 2048 E
961 2021 980 2046 2
