1913 2427
514 133 993 167 DISSERTATIO
1060 135 1337 172 MenicA.
1652 154 1695 187 29

177 227 204 257 si
234 225 348 262 saepius
376 222 452 253 inter
484 230 515 252 se
538 221 686 258 colloquia
714 220 843 250 conferre
871 220 959 249 velint
983 221 1017 249 de
1039 222 1169 258 morbis,
1197 232 1273 258 quos
1300 223 1424 261 singulis
1456 227 1623 263 septimanis
1650 231 1696 259 vel

172 277 325 308 mensibus
347 276 553 310 observarunt,
585 281 644 303 non
668 278 780 302 tantum
807 279 897 307 suae,
926 279 1025 300 verum
1054 281 1172 309 quoque
1196 273 1336 310 aliorum,
1365 276 1551 312 experientiae
1575 278 1692 309 fructus

169 338 278 367 >capere
298 334 433 366 possunt.

214 433 263 463 ΠΙ,
290 431 391 461 Tertio
412 438 489 460 nunc
515 430 582 459 loco
605 428 832 466 respondendum
861 427 913 455 erit
942 427 976 455 ad
1005 426 1133 456 ultimam
1164 436 1270 464 partem
1300 430 1467 467 propositae
1496 433 1696 469 quaestionis,

175 490 205 514 et
225 480 495 513 demonstrandum:
518 482 632 520 qualem
650 490 730 510 usum
750 479 835 508 habet
853 479 988 507 doctrina
1005 480 1216 509 indicatiomsm
1233 484 1266 511 in
1280 483 1431 520 seligendis
1451 483 1601 521 remediis,
1623 495 1698 523 quae

175 536 269 565 eodem
289 536 392 571 titulo,
412 537 444 563 in
469 534 567 563 cadem
586 534 675 562 classe
693 532 840 569 eodemque
862 530 962 559 ordine
982 532 1125 559 materiae
1147 532 1282 561 Medicas
1306 534 1417 572 disponi
1439 536 1550 564 solent?

211 588 283 616 Non
304 586 395 616 curari
418 587 535 615 morbus
560 586 590 614 in
612 592 696 621 aegro
717 589 833 620 potest,
855 583 912 611 nIsi
933 583 1070 612 mutando
1090 592 1221 620 corpusg,
1254 592 1282 614 ct
1303 586 1371 614 haec
1395 586 1515 615 mutatio
1540 595 1591 623 per
1610 595 1700 615 reme-

175 639 221 669 dia
244 639 327 668 debet
346 638 437 674 effici,
459 645 584 674 quorum
607 635 735 672 potentia
757 634 923 663 medicatrix
942 634 1008 662 licet
1028 634 1143 664 Medico
1165 636 1282 672 cognita
1306 636 1364 672 sit,
1386 643 1499 673 tamen,
1533 647 1590 673 qua
1613 625 1699 667 ratio-

177 700 232 726 ne,
254 700 314 727 quo
336 689 454 725 ordine,
476 697 535 724 quo
552 694 697 723 tempore,
721 695 777 722 qua
794 685 916 721 denique
929 684 1040 721 forma,
1065 686 1110 714 his
1130 686 1173 715 uti
1194 687 1308 724 debeat,
1337 687 1421 715 etiam
1451 695 1630 724 perspectum
1649 691 1698 717 ha-

174 743 241 772 bere
261 742 354 771 debet.
395 740 461 770 Hoc
487 747 581 769 autern
613 740 698 768 habet
726 739 907 767 difficultates
939 745 967 766 et
995 738 1101 766 multas
1133 745 1160 766 et
1191 747 1310 774 graves;
1341 745 1375 767 ut
1403 738 1478 767 enim
1505 739 1573 767 haec
1604 740 1697 769 omnia

172 794 227 823 rite
250 794 367 831 possint
390 791 551 829 cognosci,
581 791 739 827 requiritur
763 791 894 819 omnium
922 798 1035 825 rerum,
1065 798 1137 825 quae
1160 791 1206 818 vel
1230 790 1265 819 ad
1289 799 1410 827 aegros,
1430 791 1476 819 vel
1497 791 1532 819 ad
1558 791 1696 827 morbos,

172 845 219 873 vel
243 845 277 873 ad
297 852 342 874 res
365 849 492 872 externas
518 843 678 877 pertinent,
708 849 840 870 accurata
862 841 1039 870 observatio.
1079 842 1222 870 Praeterea
1246 842 1359 870 nullum
1390 849 1434 871 est
1462 842 1520 871 fere
1550 842 1623 871 inter
1643 852 1701 871 me-

173 895 330 924 dicamenta
359 894 471 923 viribus
499 893 684 930 caeteroquin
715 892 771 922 sibi
803 902 889 929 quarn
919 893 1041 922 maxime
1072 892 1191 930 similia,
1221 894 1299 929 quod
1329 903 1388 923 non
1420 894 1545 931 aliquam
1576 896 1696 931 habeat,

171 954 283 984 praeter
301 955 468 976 communes
491 955 556 974 cum
580 945 701 975 maxime
721 946 873 981 affinibus,
895 946 1121 982 proprietatem,
1152 953 1203 981 per
1230 954 1316 981 quam
1352 946 1501 976 nonnullis
1530 947 1560 975 in
1579 947 1697 985 casibus

171 999 208 1028 ad
234 1007 321 1028 usum
347 998 488 1027 medicum
520 1005 588 1033 prae
613 996 732 1032 reliquis
762 997 924 1033 omnibus,
953 998 1141 1034 quantumvis
1170 997 1340 1033 similibus,
1371 998 1493 1027 maxime
1526 1000 1696 1034 conveniat;

171 1059 286 1087 semper
304 1050 378 1079 enirn
401 1048 602 1079 attendendum
626 1054 688 1084 est,
716 1054 768 1084 ut,
799 1049 829 1076 in
851 1056 991 1084 quantum
1013 1050 1069 1078 boc
1099 1049 1159 1078 fieri
1182 1049 1298 1086 possit,
1330 1049 1464 1079 omnibus
1501 1049 1695 1079 indicantibus

171 1101 260 1130 simul
278 1100 410 1130 satisfiat.
450 1101 518 1128 Huc
540 1100 667 1135 accedit,
697 1100 776 1135 quod
800 1100 913 1128 nullum
945 1100 1099 1129 remedium
1120 1109 1230 1137 semper
1258 1103 1289 1129 in
1322 1101 1413 1130 simili
1442 1109 1511 1130 casu
1540 1109 1629 1137 aeque
1651 1110 1700 1130 va-

169 1152 244 1188 leat;
265 1152 314 1180 illa
334 1152 430 1187 enim,
452 1160 524 1188 quae
545 1151 615 1179 alias
634 1151 747 1188 Juvisse
767 1151 1004 1187 deprehenderis,
1026 1151 1086 1179 fieri
1106 1158 1222 1188 potest,
1251 1158 1284 1180 ut
1307 1152 1365 1181 alio
1389 1152 1483 1181 morbi
1505 1153 1614 1188 stadio,
1642 1152 1698 1182 alia

171 1204 305 1232 mensura
328 1204 491 1239 modoque,
518 1203 575 1231 alio
595 1202 670 1239 aegri
690 1208 788 1237 statu,
810 1204 857 1231 vel
877 1202 905 1231 vi
922 1209 1031 1231 mutata
1052 1211 1114 1232 esse
1128 1223 1138 1239 ‚
1167 1204 1212 1231 vel
1233 1212 1292 1232 eam
1313 1204 1397 1240 plane
1413 1204 1559 1240 amittere,
1582 1205 1627 1233 vel
1643 1213 1696 1233 no-

166 1263 231 1283 cere
252 1255 370 1291 potius,
401 1263 486 1291 quam
511 1255 648 1291 prodesse
669 1254 829 1283 videantur.
869 1254 1011 1283 Mutanda
1031 1263 1158 1290 quoque-
1175 1255 1329 1290 aliquando
1356 1256 1494 1290 remedia,
1526 1256 1693 1291 praesertim

168 1305 199 1334 in
221 1306 330 1334 morbis
354 1306 520 1342 chronicis,
548 1307 681 1343 quamvis
705 1307 798 1336 eadem
822 1314 932 1336 maneat
955 1307 1109 1343 indicati05
1142 1307 1191 1335 ubi
1215 1315 1317 1342 nempe
1343 1307 1378 1334 ad
1405 1313 1563 1335 consuetos
1588 1307 1622 1336 ab
1646 1308 1697 1336 ali-

169 1365 230 1392 quo
249 1357 305 1394 jam
335 1363 462 1394 tempore
486 1357 640 1392 stimulos,
668 1359 816 1386 contracta
841 1366 907 1386 cum
939 1358 1144 1386 medicamento
1169 1357 1378 1392 familiaritate,
1411 1357 1591 1385 obsurdescit
1610 1358 1695 1393 quasi

169 1407 349 1445 percipiendi
368 1408 511 1444 facultas;
535 1409 776 1444 quemadmodum
794 1409 823 1437 id
840 1418 867 1438 v.
891 1418 918 1437 c.
936 1408 1169 1445 frequentissime
1186 1408 1290 1436 accidit
1314 1408 1343 1436 in
1362 1408 1470 1436 morbis
1485 1409 1697 1444 spasmodicis,

167 1458 341 1495 hystericis,
363 1465 435 1487 caet.
475 1459 517 1487 Ut
542 1468 641 1488 omncs
663 1459 752 1496 igitur
774 1460 824 1488 has
849 1459 976 1494 aliasque
1004 1460 1110 1488 multas
1140 1458 1320 1487 difficultates
1349 1467 1482 1494 superare
1510 1460 1606 1496 possit
1629 1460 1693 1489 Me-

168 1509 273 1546 dicus,
295 1510 351 1546 ipsi
370 1519 445 1547 opus
460 1517 503 1539 est
524 1510 622 1539 intima
646 1505 812 1547 cognitione
833 1509 980 1539 doctrinae
1003 1510 1232 1552 indicationun13
1263 1510 1331 1540 haec
1347 1511 1422 1540 enim
1440 1511 1523 1548 jubet
1541 1513 1576 1541 ad
1598 1513 1694 1542 onmia

170 1563 332 1598 attendere,
355 1571 428 1598 quae
449 1563 524 1591 circa
546 1571 659 1599 aegrum
677 1569 704 1591 et
727 1563 757 1591 in
776 1572 809 1591 co
833 1570 994 1592 versantur.

165 1611 173 1627 ³
208 1613 320 1650 Integra
340 1614 408 1642 hacc
431 1614 637 1643 indicationum
656 1614 787 1643 doctrina
800 1623 863 1643 sese
878 1614 962 1643 refert
978 1615 1012 1642 ad
1034 1614 1089 1643 hoc
1116 1621 1203 1651 caput
1225 1616 1259 1644 de
1281 1615 1434 1652 seligendis
1459 1615 1488 1645 in
1511 1616 1596 1645 variis
1618 1624 1693 1645 mor-

165 1664 269 1694 borum
297 1665 433 1701 casibus,
463 1666 513 1701 qui
535 1674 683 1702 nunquam
711 1666 767 1695 sibi
792 1667 876 1703 plane
902 1672 970 1695 sunt
995 1665 1104 1694 similes
1120 1687 1131 1701 ,
1160 1666 1247 1695 variis
1264 1667 1417 1696 'remedii-5.
1467 1668 1515 1696 Ad
1547 1668 1625 1696 hunc
1647 1675 1691 1696 se-

165 1716 273 1745 lectum
292 1716 343 1746 rite
366 1717 597 1753 instituendum,
624 1718 707 1746 talem
734 1717 818 1746 habet
841 1725 924 1746 usum
942 1716 1009 1744 haec
1033 1716 1181 1752 doctrina,
1212 1723 1243 1745 ut
1268 1717 1378 1746 nullius
1404 1718 1521 1747 omnino
1546 1725 1621 1747 esset
1643 1727 1692 1747 va-

164 1766 254 1802 loris,
276 1765 332 1795 nisi
358 1767 538 1795 adhiberetur
558 1768 592 1795 ad
612 1767 755 1804 seligenda
779 1767 910 1796 remedia.
960 1767 1022 1796 Hae
1048 1767 1077 1796 in
1100 1775 1129 1795 re
1156 1768 1320 1803 praesertim
1353 1775 1454 1805 patet,
1485 1778 1522 1798 an
1553 1769 1688 1798 Medicus

165 1816 240 1845 bona
264 1818 393 1846 doctrina
422 1818 459 1847 sit
486 1818 637 1854 imbutus,
665 1827 700 1847 an
726 1827 793 1847 vero
816 1819 912 1848 >{alsus
940 1819 977 1848 sit
1000 1819 1203 1855 Empeiricus,
1231 1821 1283 1855 qui
1308 1829 1397 1857 mox,
1432 1821 1482 1850 ubi
1506 1830 1613 1851 nomen
1634 1829 1688 1858 pro

166 1868 268 1897 morbo
289 1869 444 1903 invenerit,
466 1869 528 1898 sine
553 1871 611 1898 ulla
630 1878 708 1898 mora
733 1870 850 1898 remedia
874 1880 924 1899 sua
946 1872 975 1900 in
1000 1878 1118 1908 promtu
1140 1872 1236 1900 habet.

168 1924 172 1927 '
202 1919 262 1948 Diu
293 1920 431 1948 sententia
452 1929 512 1949 mea
538 1921 625 1949 dubia
652 1921 744 1950 haesit
767 1922 800 1950 de
827 1930 891 1950 vcra
920 1923 1037 1951 ultimae
1069 1923 1157 1960 hujus
1188 1923 1366 1958 quaestionis
1399 1925 1625 1959 significati01w3
1657 1923 1687 1952 in

163 1971 246 1999 nullo
269 1970 342 1998 enlm
367 1971 440 2000 libro
461 1973 495 2000 de
517 1972 630 2001 materie
650 1972 764 2001 Medica
788 1973 976 2009 conscripto,
1006 1973 1146 2009 quantum
1169 1983 1221 2011 ego
1244 1975 1329 2010 scio,
1357 1975 1453 2012 agitur
1480 1976 1514 2004 de
1545 1975 1690 2003 divisione

162 2021 351 2051 remediorum
375 2022 406 2052 in
432 2022 553 2061 titulos,
579 2025 686 2054 classes
712 2031 740 2054 ct
761 2025 902 2062 ordinesg,
934 2025 982 2053 sed
1007 2026 1117 2055 tandem
1132 2046 1143 2062 ,
1172 2025 1230 2055 nisi
1256 2027 1342 2057 fallor
1360 2048 1371 2064 ‚
1397 2035 1488 2057 veram
1517 2025 1687 2055 sententiam

933 2087 936 2090 ·
952 2076 979 2105 D
1002 2085 1018 2112 3
1629 2084 1692 2113 pcn-
