1913 2427
702 170 1083 203 ort-Ario„
1603 178 1623 213 -9

154 268 262 299 animo
293 276 366 298 meo
393 262 573 304 recordari,
604 264 659 297 sed
691 265 794 297 oculis
827 265 945 296 intueri
975 264 1028 295 illa
1062 268 1249 295 ornamenta
1277 263 1415 307 patriae,
1438 262 1490 294 illa
1513 262 1622 296 firma.

151 333 258 356 menta
290 324 454 355 literarum
480 322 608 361 videor,
640 333 779 366 quorum
809 328 932 353 tantum
957 327 1003 352 est
1038 328 1167 363 tamque
1194 320 1316 351 illustre
1342 331 1477 358 nomen,
1511 329 1564 359 ut,
1595 322 1623 352 si

151 393 215 424 qua
247 381 416 412 hominum
450 380 536 411 natio
565 380 608 411 sit:
641 386 704 410 tam
734 380 914 417 inaccessa,
943 389 1010 421 quo
1041 377 1170 408 illorum
1201 376 1285 407 fama
1317 388 1385 407 non
1420 378 1620 420 pervenerit,

149 437 226 469 huic
263 448 322 480 ego
357 438 443 480 genti
469 438 502 468 in
526 443 689 468 aeternum
722 434 813 466 fatale
837 446 904 466 esse
938 434 1092 473 arbitres,
1129 441 1183 472 ut,
1219 433 1338 476 quibus
1371 433 1492 465 finibus
1532 435 1620 477 regio

153 494 297 536 ipsorum
315 496 502 525 terminetur
513 518 522 531 ‚
548 493 661 525 iisdem
679 492 866 524 excludatur
884 503 920 523 ac
937 491 1142 534 propulsetur
1160 490 1348 521 humanitas.
1374 491 1459 523 Haeo
1477 490 1517 522 ‹le
1535 501 1622 522 mor·

152 552 216 582 tuis
239 557 272 582 et
300 550 499 589 absentibus,
522 550 601 594 quid
627 550 667 582 de
691 551 773 581 vivis
798 560 833 581 ac
855 548 1097 592 praesentibus?
1141 547 1222 577 Mihi
1245 548 1272 578 si
1296 548 1330 578 in
1353 547 1489 579 dicendo
1509 557 1623 580 eorum

150 613 278 638 tantum
304 608 385 639 ratio
412 616 491 640 esset
516 607 677 646 habenda,
701 607 758 649 qui
784 617 822 637 ex
849 606 910 637 hoc
934 605 1191 637 doctissimorum
1218 604 1388 635 hominum
1422 615 1559 636 numero
1584 605 1624 635 li·

152 670 291 695 terarum
321 664 425 695 studia
453 665 495 695 ita
517 665 675 703 colerent,
699 670 736 695 ut
751 673 880 694 omnem
898 663 932 693 in
951 662 990 693 iis
1005 672 1134 704 operam
1153 670 1243 691 suam
1263 672 1457 703 omnemque
1479 660 1622 692 laborem

150 727 326 763 ponerent,
348 720 398 752 his
424 728 508 752 totos
535 721 686 752 dederent
717 731 764 759 se,
794 731 853 751 nec
881 719 1055 762 quicquam
1082 724 1240 760 praeterea
1269 723 1417 759 agerent,
1450 728 1623 760 permagna

150 784 230 808 esset
259 788 393 817 eorum,
423 778 479 821 qui
504 778 648 821 judicare
673 784 821 821 possent,
844 777 995 820 paucitas.
1041 775 1073 805 si
1100 781 1206 806 autem
1234 777 1423 806 Batavorum
1449 773 1620 805 hominum

148 833 226 865 haec
248 841 339 866 vetus
363 841 409 866 est
436 842 467 866 et
490 835 594 867 adhuc
617 842 799 867 constanter
821 833 860 865 ab
884 834 922 864 iis
946 838 1068 864 retenta
1094 831 1182 871 laus,
1215 838 1251 863 ut
1276 842 1504 874 quamcunque
1527 831 1623 862 disci-

145 890 268 934 plinam
297 894 370 935 quis
398 891 459 924 sibi
481 891 616 935 deligat,
639 893 673 924 in
695 903 758 935 qua
782 891 864 923 vitae
887 901 962 922 suae
983 890 1075 933 quasi
1099 888 1340 921 tabernaculum
1359 887 1511 926 collocet,
1535 899 1622 928 eam,

146 948 209 979 nisi
231 948 329 980 literis
357 956 489 981 ornetur
513 961 548 981 ac
579 949 678 981 veluti
701 955 865 992 pascatur,
896 947 1018 978 nudam
1046 957 1113 978 esse
1136 957 1171 978 ac
1199 956 1295 977 succo
1328 952 1359 976 et
1389 947 1546 987 sanguine
1573 956 1623 977 ca-

146 1014 215 1036 rere
243 1013 389 1046 censeat3
420 1007 501 1039 illud
527 1006 722 1050 intelligitis,
754 1005 869 1048 quiin
898 1004 960 1035 hoc
995 1003 1155 1034 bonarum
1183 1004 1301 1034 artium
1331 1001 1495 1033 domicilio
1521 1002 1561 1033 de
1587 1013 1624 1035 ea

147 1061 188 1091 sit
212 1068 278 1093 arte
304 1063 467 1102 dicturus,
495 1075 593 1106 qnam
623 1063 789 1094 communi
819 1060 927 1092 studio
961 1061 1070 1091 cuncti
1096 1059 1252 1098 colimus,
1281 1062 1328 1096 ei,
1354 1065 1434 1102 quot
1463 1058 1624 1090 auditores

145 1115 274 1156 habeat,
315 1125 362 1151 tot
396 1119 461 1151 fere
494 1120 761 1163 peritissimorum
795 1116 944 1160 judicum
980 1120 1092 1148 vocem
1131 1117 1394 1159 severitatemque
1421 1127 1488 1147 esse
1525 1117 1626 1159 pertis

144 1174 354 1207 mescendam‚
407 1178 445 1207 Et
472 1176 534 1208 hoc
558 1177 654 1209 etjam
678 1186 814 1208 eorum,
845 1175 904 1209 qui
930 1173 1091 1202 literarum
1119 1173 1283 1202 seientiam
1313 1172 1525 1210 profitentur,
1563 1172 1626 1206 ini·⁴

145 1230 240 1272 quior
262 1234 327 1265 est,
359 1237 457 1271 quam
480 1233 683 1268 ceterorum,
706 1223 870 1261 conditio,
894 1222 984 1266 quod
1015 1222 1087 1263 his,
1117 1222 1144 1253 si
1169 1223 1204 1254 in
1237 1223 1382 1255 oratione
1408 1223 1488 1257 forte
1511 1227 1621 1261 laban-

144 1291 214 1325 tur,
236 1291 366 1329 propter
393 1284 534 1328 reliquae
567 1283 791 1328 praestantiam
814 1280 978 1312 doctrinae
1002 1279 1092 1311 facile
1116 1280 1280 1323 ignoscere
1305 1280 1460 1322 solemus;
1483 1286 1540 1328 qui
1564 1297 1622 1318 au.

146 1348 210 1374 tem
235 1336 399 1374 literarum
426 1343 570 1386 magistri
599 1352 666 1374 esse
695 1340 831 1378 volunt,
856 1339 912 1375 iis,
941 1337 1075 1369 simulac
1099 1336 1204 1369 dicere
1231 1338 1462 1380 exordiuntur,
1490 1342 1621 1375 iusidias

146 1397 304 1438 facimus,
344 1400 463 1444 quibus
490 1400 563 1431 illos
593 1400 620 1431 si
651 1396 826 1441 aliquando
856 1401 965 1438 captos
1000 1401 1032 1426 et
1066 1394 1302 1427 circumventos
1330 1402 1514 1437 teneamus,
1551 1406 1622 1431 tum

145 1455 277 1487 demum
303 1457 407 1500 pulcri
433 1456 526 1489 nobis
547 1467 583 1488 ac
599 1456 682 1488 beati
704 1465 771 1487 esse
790 1452 964 1485 videamur.
1011 1453 1156 1491 Quarum
1185 1463 1293 1483 rerum
1321 1454 1471 1496 cogitatio
1498 1456 1525 1486 si
1548 1467 1619 1487 eam

145 1511 351 1554 vim'habet‚
382 1514 571 1553 Auditores‚
604 1521 641 1545 ut
666 1512 717 1545 vel
744 1509 952 1543 eruditissimi
985 1507 1142 1550 cujusque
1167 1515 1198 1540 et
1231 1509 1485 1552 eloquentissimi
1516 1519 1622 1549 orato-⁴

142 1568 189 1599 ris
211 1575 243 1600 et
266 1570 413 1602 animum
441 1571 606 1603 debilitare
633 1577 664 1602 et
690 1579 801 1601 vocem
829 1565 1031 1611 praecludere
1052 1565 1182 1605 debeat,
1205 1576 1257 1598 me
1285 1568 1414 1599 tandem
1439 1574 1619 1611 quantope-

144 1635 219 1667 pere
252 1627 365 1668 judicii
391 1630 488 1660 vestri
516 1627 750 1672 exspectatione
777 1625 851 1667 angi
875 1631 906 1655 et
932 1623 1075 1665 torqueri
1101 1630 1244 1666 oportet,
1278 1625 1336 1667 qui
1356 1625 1471 1667 exigua
1495 1624 1617 1666 ingenii

143 1679 311 1722 facultate,
335 1685 488 1716 mediocri
512 1693 618 1717 autem
640 1683 767 1716 dicendi
788 1680 1030 1718 exercitatione,
1064 1680 1098 1711 in
1119 1679 1203 1711 hanc
1230 1682 1419 1713 concionem
1446 1681 1617 1712 adscende-

144 1737 225 1776 rim‚
258 1750 325 1770 non
351 1748 388 1771 ut
412 1742 498 1784 apud
523 1743 659 1773 rusticos
685 1741 724 1772 de
750 1738 968 1783 philosophia,
1001 1735 1055 1767 sed
1087 1742 1124 1767 ut
1153 1736 1192 1768 de
1226 1736 1325 1770 literis
1358 1738 1445 1781 apud
1477 1738 1619 1770 literatos

120 1796 122 1798 ’
144 1793 257 1826 dicam.
304 1797 399 1836 Quod
423 1799 449 1828 si
471 1806 611 1841 quantus
635 1798 799 1829 literarum
821 1806 927 1833 amor,
950 1800 1037 1824 tanta
1062 1793 1143 1823 mihi
1161 1794 1291 1826 scientia
1313 1802 1417 1834 esset,
1440 1806 1507 1826 non
1525 1807 1555 1838 pr
1565 1806 1619 1825 or·

146 1860 199 1882 sus
223 1851 304 1883 mihi
328 1853 517 1888 diffiderem.
571 1858 666 1887 Nunc
697 1861 803 1885 autem
830 1851 961 1895 quando
986 1850 1021 1880 in
1047 1848 1244 1883 humanitate
1275 1858 1377 1883 vestra
1401 1853 1508 1883 omnis
1535 1851 1616 1882 mihi.

143 1908 185 1938 ita
208 1910 343 1952 reposita
367 1922 439 1955 spes
462 1920 531 1952 est,
560 1920 598 1944 ut
627 1913 666 1943 ad
691 1923 760 1943 eam
786 1920 905 1948 unam,
934 1915 1098 1949 tamquam
1123 1918 1196 1938 reus
1219 1907 1259 1939 ad
1281 1907 1384 1948 aram,
1413 1908 1613 1949 confugiam,

146 1967 288 2007 primum
313 1978 368 2010 per
392 1970 491 2011 ipsam
522 1970 620 2009 hanc,
643 1980 740 2013 quam
762 1967 890 2005 videtis,
921 1971 1053 1996 aetatem
1081 1963 1212 1995 obsecro
1239 1976 1296 1996 vos
1321 1972 1352 1996 et·
1384 1964 1539 1999 obtestor,
1562 1969 1620 2003 ut,-

144 2031 227 2064 quae
251 2024 285 2058 in
311 2024 372 2056 hoc
395 2028 538 2066 muneris
560 2029 624 2061 mei
646 2034 810 2072 tamquam
833 2021 991 2058 vestibulo
1016 2019 1162 2054 dicturus
1185 2032 1278 2064 sum,
1301 2032 1337 2054 ea
1359 2032 1426 2053 non
1443 2031 1476 2053 re
1499 2026 1528 2051 et
1550 2029 1619 2050 ma·

944 2080 967 2109 B
1566 2081 1617 2109 iu!
