1913 2427
236 153 279 187 26
607 150 996 183 FREDERICI
1060 152 1371 186 EGELING

237 239 337 269 multis
361 238 408 267 hic
431 237 574 274 adferam,
604 238 730 273 sufficit,
761 237 960 266 acutissimum
987 236 1206 267 Wichmannum
1230 238 1385 274 affirmare,
1414 238 1648 272 medicamentum
1667 243 1758 280 longe

235 291 301 321 aliis
321 290 570 327 antispasmodicis
595 290 773 326 praevalere,
797 296 825 318 et
849 288 906 317 fere
930 288 1061 325 specifice
1082 299 1161 327 agere
1184 291 1214 320 in
1239 291 1378 320 asthmate
1395 293 1541 328 periodico
1562 294 1696 324 Millart‘.

274 341 340 377 Ipsa
360 350 478 377 quoque
501 342 625 369 historia
649 341 769 369 Medica
793 349 847 369 nos
878 347 977 369 monet
1005 341 1039 369 de
1064 341 1173 378 ingenti
1198 350 1255 371 usu
1285 351 1367 371 sanae
1393 343 1540 379 empeiriae
1567 345 1596 374 in
1622 346 1755 378 doctrina

236 392 466 427 indicafionum,
488 392 647 428 docetque,
680 392 811 421 Medicus
832 392 921 420 nullis
939 400 1022 420 sanae
1042 393 1189 429 empeiriae
1206 394 1310 431 regulis
1332 395 1436 424 ductos
1460 395 1584 432 pessime
1605 406 1689 434 saepe
1711 407 1755 428 er·

235 453 326 473 rasse.
367 444 477 480 Sponte
497 451 593 481 patet,
615 453 659 472 me
681 444 727 473 hic
748 452 807 473 non
828 443 911 480 loqui
933 444 968 472 de
986 444 1093 481 agyrtis
1118 445 1183 474 istis
1209 451 1237 474 et
1259 445 1479 475 circulatoribus
1506 447 1678 485 homicidis,
1700 449 1753 486 qui

235 495 345 524 nullam
367 496 485 524 omnino
501 495 701 525 indication-:m
724 496 898 531 formantes,
920 495 1072 532 drasticis,
1093 496 1220 525 emeticis
1242 503 1269 526 et
1292 497 1543 535 qualibuscunque
1558 500 1687 530 remediis
1705 501 1755 530 he-

233 546 339 582 roicis,
363 555 463 582 aegros
487 555 556 576 suos
580 553 717 583 enecant3
741 555 864 583 quorum
881 548 1024 584 exempla,
1047 556 1137 584 quae,
1159 548 1233 585 proh
1256 549 1359 585 dolor,
1382 556 1514 579 sexcenta
1536 557 1690 588 prostant,
1710 551 1755 582 af<

232 597 306 626 ferre
328 596 462 634 profecto
484 607 544 628 non
566 599 619 628 erit
638 608 725 636 opus.

270 652 343 681 Illos
360 658 454 681 autem
476 653 524 682 hic
542 654 612 683 volo
629 652 762 682 Medicos
779 660 853 682 mere
876 653 1065 689 theoreticus,
1087 652 1159 689 qui,
1183 652 1273 682 nullis
1300 652 1448 683 rationalis
1473 654 1624 691 empeiriae
1647 655 1756 693 regulis

232 704 334 740 ducti,
361 713 461 742 aegros
486 713 557 733 suos
581 705 706 740 adeunt,
735 711 762 733 et
788 705 938 740 systemati
965 712 1019 733 suo
1046 705 1132 733 semel
1158 705 1249 733 electo
1281 704 1414 741 (bonurn
1439 713 1474 734 an
1499 706 1603 735 malum
1631 706 1671 735 sit
1693 715 1754 737 non

231 756 359 792 curant)
384 763 495 791 semper
520 755 720 790 adhaerentes,
741 755 858 784 mInime
881 755 1053 784 recentiores
1078 754 1294 784 observationes
1315 761 1343 784 et
1363 748 1555 792 experimenta
1577 758 1753 794 observant,

229 807 280 835 sed
294 814 353 835 uno
374 806 530 842 eodemque
547 805 659 835 tramite
682 814 793 842 semper
805 805 836 835 in
852 806 934 842 praxi
946 814 998 835 sua
1013 806 1187 842 procedunt.
1227 806 1307 844 Quid
1322 815 1420 842 nunc,
1444 816 1569 845 quaeso,
1591 809 1626 837 de
1643 808 1753 838 talibus

229 856 354 886 Medicis
383 857 590 894 expectandum
611 864 655 886 est
671 857 686 886 *ἒ
732 857 781 887 An
808 857 925 893 aliquos
952 866 1126 895 progressus
1152 858 1298 886 Medicina
1325 867 1340 887 a
1371 859 1478 888 talibus
1511 868 1610 896 capere
1633 860 1752 897 potest?

228 908 320 937 Certo
336 908 442 938 certius
459 909 569 938 nullos.
609 908 686 938 Inter
703 909 758 938 hos
774 908 949 938 theoreticos
961 915 988 938 et
1007 908 1186 938 irrationales
1207 909 1409 945 Empeiricos,
1431 910 1461 939 ni
1482 910 1587 947 fallor,
1610 911 1753 948 imprimis

229 958 368 987 recenseri
381 965 503 987 meretur
516 958 708 995 Paracefflaes,
733 959 783 995 qui
798 967 872 995 quas
887 967 1032 996 perversas
1043 960 1233 990 indicationes
1250 969 1282 989 ac
1299 961 1461 990 curationes
1474 970 1558 998 saepe
1573 962 1753 999 instituerit,

228 1009 295 1039 iibri
316 1009 350 1038 ab
370 1009 437 1046 ipso
458 1009 527 1038 editi
549 1010 704 1040 innumeris
726 1011 865 1047 exemplis
881 1011 997 1040 docent.
1036 1012 1161 1050 Quando
1183 1021 1198 1042 e
1219 1011 1362 1041 contrario
1379 1018 1543 1048 spectamus
1567 1012 1667 1048 viros,
1698 1013 1752 1049 qui

228 1068 327 1089 sanam
351 1061 515 1098 empeiriam
545 1062 640 1098 magni
671 1061 802 1098 faciunt,
834 1062 972 1099 illamque
998 1072 1064 1092 cum
1094 1063 1171 1092 bona
1200 1063 1310 1092 theoria
1338 1063 1487 1100 jungunt,
1522 1070 1591 1092 tunc
1615 1072 1665 1094 eos
1691 1071 1753 1093 non

227 1120 387 1148 possumus
417 1120 476 1141 non
505 1113 647 1149 venerari,
672 1120 700 1142 et
725 1113 785 1143 fieri
804 1121 864 1143 non
886 1121 1004 1151 potest,
1032 1115 1104 1151 quin
1135 1114 1164 1143 in
1191 1115 1311 1143 salutem
1339 1113 1458 1142 humani
1480 1114 1590 1151 generis
1619 1114 1750 1143 doctrina

228 1161 343 1192 Medica
367 1171 538 1199 magnopere
561 1164 710 1194 increscat.
759 1165 950 1203 Hippocrates
971 1166 1143 1196 immortalis
1162 1165 1210 1194 ille
1223 1164 1358 1194 Medicus
1378 1164 1446 1193 licet
1466 1164 1577 1194 vixerit·
1596 1171 1749 1201 antequam

224 1222 303 1243 secta
322 1215 360 1244 ita
383 1215 459 1244 dicta
482 1215 646 1252 Empeirica
668 1217 787 1253 floruit,
813 1216 872 1245 fuit
895 1226 982 1248 sanus
1007 1216 1210 1255 Empeiricus,
1237 1215 1288 1252 qui
1318 1215 1357 1244 ita
1379 1223 1445 1245 vere
1473 1215 1624 1252 empeirice
1654 1215 1751 1245 obser-

225 1265 305 1294 vavit
324 1272 441 1295 naturae
467 1267 663 1303 phaenomena
679 1289 689 1304 ‚
719 1274 753 1297 ut
775 1274 905 1298 naturam
933 1268 1100 1298 morborum
1125 1266 1332 1297 medicatricem
1354 1266 1477 1302 dixerit,
1506 1272 1534 1296 et
1557 1274 1657 1296 omnes
1678 1266 1752 1296 indi-

224 1315 355 1345 cationes
384 1316 424 1345 ita
449 1316 640 1346 instituendas
664 1319 884 1356 praedicaverit,
913 1327 947 1349 ut
969 1320 1112 1349 deficienti
1141 1326 1257 1347 naturae
1280 1324 1475 1353 succurrant,
1503 1324 1592 1353 atque
1617 1317 1750 1347 effrenem

224 1372 375 1396 coerceant
397 1367 473 1395 etin
495 1368 623 1396 ordinem
651 1370 789 1406 redigant.
830 1370 870 1398 Et
893 1378 979 1399 nemo
1005 1377 1127 1404 usquam
1155 1369 1255 1403 datur,
1282 1368 1330 1395 cui
1351 1368 1435 1404 plura
1459 1368 1489 1397 in
1518 1376 1547 1397 re
1572 1368 1680 1397 medica
1703 1369 1751 1397 de·

224 1417 347 1453 bemus,
371 1416 422 1453 qui
441 1417 476 1446 ad
496 1418 631 1455 majorem
655 1420 772 1455 gradum
792 1420 974 1449 certitudinis
992 1419 1165 1448 Medicinam
1186 1417 1337 1454 perduxit,
1361 1425 1389 1446 et
1415 1418 1500 1454 qu'us
1521 1418 1642 1455 egregiis
1667 1419 1750 1448 labo-

223 1467 307 1497 ribus
334 1467 470 1497 debemus
496 1469 563 1498 talia
592 1470 704 1499 divinae
730 1471 816 1508 hujus
841 1471 923 1500 Artis
942 1470 1144 1505 fundamenta,
1170 1478 1243 1506 quae
1267 1469 1323 1505 ipsi
1346 1467 1484 1504 formam,
1511 1475 1543 1498 ut
1569 1469 1607 1498 ita
1634 1470 1749 1506 dicam,

224 1519 317 1556 magis
340 1518 525 1549 scientificam
555 1520 620 1548 dare
642 1521 770 1556 possint.
810 1522 887 1551 Inter
904 1521 1075 1551 recentiores
1100 1529 1182 1551 sanae
1206 1519 1367 1557 Empeiriae
1383 1519 1524 1550 Patronos
1547 1520 1604 1550 fuit
1624 1528 1749 1558 magnus

224 1570 440 1608 Sydemus,
461 1570 514 1606 qui
537 1571 611 1599 nihil
633 1572 758 1607 addens,
788 1574 867 1609 quod
894 1573 1071 1602 observando
1089 1581 1148 1602 non
1171 1579 1253 1601 certo
1276 1577 1439 1607 constaret,
1467 1579 1518 1600 nec
1541 1571 1664 1601 aliorum
1685 1572 1749 1609 pla-

222 1619 281 1650 cita
301 1629 424 1657 curans,
446 1620 477 1650 in
498 1621 620 1658 egregiis
642 1622 704 1651 suis
729 1623 830 1659 libris,
852 1624 994 1660 quicquid
1015 1624 1049 1653 de
1072 1623 1219 1653 salutifera
1240 1629 1340 1652 natura
1366 1622 1585 1658 observaverat,
1609 1622 1743 1653 'omnium

222 1672 320 1701 oculis
347 1671 498 1708 exhibuit,
526 1678 555 1700 et
579 1681 678 1702 omnes
711 1673 898 1704 indicationes
930 1675 1086 1704 secundum
1117 1675 1171 1704 rite
1202 1675 1295 1704 factas
1328 1673 1544 1703 observationes
1573 1680 1635 1703 esse
1662 1674 1747 1703 insti·

221 1723 342 1752 tuendas
362 1723 475 1753 docuit.
516 1724 689 1753 Immortalis
714 1724 889 1756 Bocrhavt'us
908 1734 1029 1763 magnus
1046 1735 1165 1763 quoque
1184 1733 1212 1755 et
1234 1734 1321 1756 sanus
1342 1725 1399 1754 fuit
1420 1723 1620 1762 Empeiricu53
1644 1733 1746 1760 quam·

223 1782 310 1810 quam
331 1775 407 1804 enim
427 1774 565 1804 theoriam
587 1775 711 1812 aliquam
733 1777 918 1812 condiderat,
948 1784 1060 1813 tamen,
1089 1784 1122 1806 ut
1144 1786 1243 1807 omnes
1269 1776 1433 1815 systematis
1452 1776 1636 1812 conditores,
1660 1776 1742 1813 quod

220 1825 253 1855 in
277 1826 388 1855 scholis
411 1825 596 1862 defenderat,
624 1835 708 1864 saepe
737 1828 771 1856 ad
793 1828 1000 1865 aegrotantium
1031 1829 1121 1858 lectos
1154 1830 1280 1858 deserere
1309 1836 1430 1859 coactus
1462 1827 1547 1862 fuit,
1579 1834 1685 1863 atque,
1716 1826 1742 1856 si

221 1883 371 1913 aegrorum
395 1877 483 1906 saluti
507 1877 649 1914 promtius
670 1878 734 1908 aliis
758 1885 786 1908 et
806 1879 914 1909 certius
942 1880 1111 1915 consuluit,
1139 1888 1199 1909 non
1218 1879 1352 1916 profecto
1376 1880 1405 1908 id
1426 1878 1550 1908 theoriae
1573 1877 1744 1914 praestantia

222 1933 375 1956 assecutus
394 1933 459 1964 est,
481 1930 530 1958 sed
555 1931 635 1965 quod
656 1929 822 1959 morborum
839 1931 995 1967 historias,
1022 1938 1172 1967 naturam,
1193 1931 1345 1960 decursum
1367 1937 1394 1959 et
1412 1930 1540 1964 exitum,
1569 1928 1741 1964 exquisitis·

221 1977 294 2006 sime
317 1978 450 2014 calleret,
472 1979 664 2017 formaretque
690 1981 760 2010 adeo
779 1981 969 2012 indicationes
992 1990 1074 2012 sanae
1103 1982 1264 2018 Empeiriae
1290 1987 1513 2018 superstructas.
1553 1979 1632 2018 Quid
1662 1979 1739 2008 enim

219 2027 304 2066 iuvat
325 2027 470 2068 Theona,
499 2039 571 2069 quae
594 2032 626 2062 in
653 2040 773 2070 praxeos
801 2041 885 2064 usum
916 2034 1046 2064 converti
1073 2033 1198 2071 nequit?
1245 2033 1326 2071 Quid
1356 2033 1440 2071 juvat
1467 2039 1612 2069 systema,
1641 2031 1739 2067 quod,

1704 2081 1740 2110 li-
