1913 2427
503 234 1274 298 RESPONSIO

858 408 922 433 At)

227 557 881 614 QUAESTIONEM
959 560 1552 610 LITERARIAM.

647 967 1128 1006 QUAESTIO.

133 1051 242 1124 De
257 1084 343 1123 Justo
365 1083 531 1120 Vondelio,
554 1083 643 1122 poeta
661 1083 804 1122 Tragico:
830 1091 863 1114 ut
882 1084 944 1122 ejus
963 1085 995 1113 in
1017 1085 1067 1113 hoc
1082 1093 1189 1123 genere
1215 1087 1340 1116 virtutes
1361 1086 1563 1127 explicentur,
1590 1096 1645 1118 nee-⁸

128 1147 206 1174 non,
226 1136 299 1177 quid
318 1145 338 1164 a
362 1135 484 1165 Graecis
504 1134 680 1174 Latinisque
695 1137 790 1174 poetis
804 1136 986 1174 profecerit,
1005 1136 1165 1168 indicetur·

825 1255 946 1265 .—

166 1345 256 1384 Apud
268 1353 367 1375 omnes
384 1352 500 1382 gentes,
522 1346 601 1375 nulla
617 1353 675 1375 non
692 1351 801 1382 aetate,
822 1354 919 1375 verum
940 1345 997 1376 fuit
1011 1356 1110 1376 omnes
1126 1347 1260 1377 homines
1277 1348 1384 1385 gloriae
1403 1348 1538 1386 cupidine
1561 1344 1642 1379 duci.

165 1398 255 1427 Nulla
275 1406 343 1434 gens
367 1398 436 1426 adeo
455 1397 512 1425 fera
538 1404 565 1425 et
589 1397 721 1426 moribus
746 1404 790 1426 est
813 1397 968 1427 destituta:
994 1399 1073 1427 nulla
1096 1405 1172 1427 aetas
1197 1399 1266 1427 adeo
1290 1399 1392 1427 debilis
1412 1407 1444 1427 ac
1464 1399 1576 1427 viribus
1595 1407 1644 1427 ex-

124 1458 212 1488 pers,
240 1448 288 1477 cui
312 1457 372 1477 non
396 1457 448 1476 sua
473 1449 557 1483 lius,
586 1457 732 1484 suumque
753 1449 862 1483 dcem,
886 1454 957 1476 sunt
979 1449 1143 1484 proposita.
1185 1450 1219 1478 ld
1235 1451 1304 1477 adeo
1327 1458 1423 1477 verum
1448 1456 1511 1485 est,
1532 1456 1564 1478 ut
1587 1450 1642 1479 ho-

122 1503 227 1531 m'mem
252 1501 365 1537 optimo
384 1500 460 1536 isto,
486 1501 521 1529 ad
542 1509 676 1538 magnum
697 1507 725 1529 et
749 1501 853 1529 elatum
880 1499 1023 1535 quidquid
1050 1499 1214 1536 excitante,
1246 1500 1366 1529 stimulo
1395 1509 1518 1537 prorsus
1543 1509 1639 1530 caren-

120 1560 199 1588 tem,
220 1552 373 1582 nobiscum
398 1552 537 1581 humanae
559 1559 675 1581 naturae
696 1560 760 1581 esse
780 1553 968 1589 participem,
999 1562 1078 1591 aegre
1103 1555 1261 1584 creiamus.
1309 1555 1452 1584 stimulus
1475 1555 1559 1590 iste,
1574 1555 1640 1589 Vani-

123 1615 172 1636 mo
196 1605 324 1640 insitus,
352 1613 418 1633 cum
441 1605 609 1633 educatione
631 1605 736 1634 crescit
766 1612 794 1633 et
818 1606 848 1634 in
870 1606 930 1634 dies
955 1612 1093 1643 augetur,
1121 1614 1180 1642 quo
1201 1607 1282 1634 nulla
1306 1613 1382 1634 aetas
1405 1606 1527 1643 juvenili
1548 1606 1640 1643 magis

116 1658 242 1695 indigere
263 1656 385 1685 videtur.
425 1656 491 1685 Hoc
514 1656 588 1685 enim
611 1656 641 1685 in
664 1656 739 1685 vitae
759 1658 855 1696 spatio
888 1658 975 1688 animi
1003 1667 1099 1688 motus
1124 1667 1192 1687 sunt
1217 1658 1478 1693 vehementissimi,
1508 1666 1636 1694 quorum

115 1708 226 1747 impetu
247 1710 403 1739 cavendum
427 1716 472 1739 est
500 1718 536 1740 ne
558 1718 573 1738 a
597 1710 657 1738 veri
681 1710 809 1747 bonique
839 1711 937 1741 studio
965 1710 1159 1739 deflectamus.
1201 1709 1265 1748 Qua
1293 1718 1323 1738 re
1347 1709 1396 1738 vix
1420 1709 1530 1745 aliquid
1551 1709 1637 1738 Sum-

114 1769 162 1790 mo
186 1762 344 1797 Imperante
364 1761 480 1798 dignius
500 1762 676 1798 excogitari,
697 1763 800 1799 credo,
821 1762 938 1800 potuit,
961 1770 1048 1798 quam
1069 1761 1164 1791 addita
1184 1761 1345 1790 Literarum
1370 1760 1532 1797 illecebris,
1551 1761 1634 1799 juve-

112 1814 181 1843 nilis
204 1814 348 1843 doctrinae
364 1820 392 1842 et
414 1813 584 1842 eruditionis
607 1814 743 1850 praemia.

151 1864 241 1893 Hisce
260 1864 334 1893 enim
353 1865 562 1902 promulgatis,
585 1865 660 1894 haud
674 1865 733 1894 fieri
749 1872 862 1902 potest,
887 1865 958 1902 quin
979 1874 1057 1895 novo
1080 1866 1209 1903 impetu,
1240 1873 1319 1895 novo
1344 1864 1430 1894 animi
1451 1865 1564 1901 ardore,
1596 1864 1631 1894 ad

58 1926 67 1933 ¹
108 1923 183 1947 artes
204 1923 232 1946 et
256 1917 390 1947 scientias
414 1919 601 1954 excolendas,
620 1920 740 1957 juvenes
761 1918 899 1955 feramur3
933 1919 1003 1955 quin
1024 1918 1128 1953 nobis,
1159 1917 1188 1946 in
1211 1924 1300 1946 aetate
1323 1916 1484 1946 honoribus
1507 1916 1624 1952 saepius

106 1975 237 2006 carente,
257 1969 382 2000 honores
403 1977 466 2000 esse
486 1971 657 2009 propositos
681 1972 833 2007 laetemur,
853 1970 932 1999 nihil
951 1969 1106 2000 volentibus
1127 1967 1255 1998 arduum
1278 1976 1334 1997 esse
1360 1966 1550 1996 confidentes.

890 2022 918 2051 Λ
938 2029 954 2051 2
1563 2016 1629 2053 Ego
