1913 2427
303 130 345 164 36

877 125 1207 159 NOTAE.

751 220 875 249 Tractus
896 219 984 254 vero,
1004 220 1050 248 vel
1063 226 1161 248 catena
1181 217 1323 248 montium
1341 217 1581 255 vulcanicorum‚
1603 220 1696 256 quiet
1713 220 1781 251 olim

710 271 845 306 fuerunt,
866 277 894 298 et
918 271 953 298 ad
975 270 1052 299 hunc
1081 278 1176 314 usque
1195 271 1268 300 diem
1292 275 1424 305 exstant,
1453 278 1504 306 per
1522 277 1611 300 totam
1634 271 1692 301 fere
1714 272 1783 311 Tel-

712 323 802 351 lurem
827 329 858 350 se
875 321 999 350 extendit
1015 322 1098 359 Juxta
1123 322 1266 351 montium
1283 320 1495 358 primitivorum
1515 323 1560 351 vel
1574 322 1780 359 graniticorum

710 379 856 408 catenam,
877 378 905 401 et
929 373 1027 402 eodem
1050 373 1148 402 ordine
1174 373 1318 409 quondam
1335 372 1513 408 processisse
1534 373 1658 403 videtur.

744 424 901 460 Postquam
926 431 1025 454 autem
1044 424 1138 453 furiae
1160 424 1230 453 istae
1251 423 1376 452 infernae
1399 424 1621 460 desaeviissent‚
1651 424 1778 461 humus,

711 475 856 505 alluvione
882 482 965 511 nata,
991 475 1124 513 frugibus
1149 475 1342 512 producendis
1361 481 1445 511 apta,
1472 475 1611 504 fluctibus
1632 476 1780 512 exsurgit,

708 526 773 564 (uti
803 525 935 555 universa
966 526 1023 556 fere
1056 533 1155 556 nostra
1189 527 1255 556 dein
1277 526 1393 564 Patria>
1420 533 1448 556 et
1477 526 1621 556 Tellurem
1652 533 1781 556 nostram

684 581 688 585 ⁴
707 577 908 614 habitabilem,
935 584 1021 614 atque
1047 578 1136 614 huic,
1164 586 1253 615 quam
1275 576 1422 614 vivimus,
1444 579 1628 608 oeconomiae
1650 578 1781 608 idoneam

712 629 845 658 reddidit.
1401 652 1405 655 .

753 680 900 717 Verbum,
922 680 979 710 hoc
999 681 1085 717 loco,
1107 681 1206 710 addam
1231 680 1266 709 ad
1287 688 1387 710 versus
1421 687 1473 716 251
1501 681 1536 709 ad
1558 681 1614 716 256
1638 681 1707 709 incl.

752 731 786 760 In
810 731 933 761 Planetis
958 731 1107 761 Mercurio
1134 739 1162 761 et
1179 732 1287 760 Venere
1302 752 1313 767 ,
1343 731 1418 760 forte
1441 732 1522 760 etiarn
1550 732 1635 760 Luna
1661 733 1783 768 nostra,

715 791 805 820 aquae
821 783 877 820 jam
899 783 939 811 ita
956 783 1122 813 imminutae
1144 784 1297 819 videntur,
1318 782 1385 820 (uti
1407 782 1490 812 etiam
1514 789 1607 812 tractu
1625 784 1783 820 temporis,

717 835 796 870 quod
809 835 972 863 verosimile
987 842 1051 870 est,
1072 835 1102 864 in
1119 835 1172 863 haic
1189 835 1284 864 Terra
1299 834 1487 871 minuuntur;
1507 834 1568 863 sive
1582 834 1729 864 discedant
1749 835 1785 864 ad

718 885 846 915 Telluris
870 885 1060 922 profundiora
1079 887 1211 922 viscera3
1245 886 1306 915 sive
1327 894 1379 915 sua
1400 885 1430 914 in
1452 885 1616 922 principia,
1645 885 1785 924 hydroga-

717 939 797 966 m'um
818 944 845 966 et
872 939 1061 975 oxyganizcm,
1082 938 1117 967 ab
1150 938 1214 974 ipsai
1240 937 1354 966 Natura
1375 936 1608 973 decompositae‚
1629 937 1698 966 alibi
1718 937 1782 967 aliis

715 987 873 1017 inserviant
892 988 1045 1026 finibusz)
1070 995 1104 1017 ut
1125 989 1214 1017 valles
1240 988 1307 1017 hinc
1329 987 1385 1017 orti
1409 987 1527 1016 terrenis
1549 988 1640 1016 multo
1664 987 1788 1024 profun-

715 1039 829 1074 diores,
857 1048 888 1068 ac
907 1045 1038 1074 montes,
1065 1039 1102 1068 ad
1125 1047 1301 1073 mensuram,
1323 1038 1465 1067 industria
1486 1044 1514 1067 et
1538 1038 1635 1066 labore
1657 1047 1785 1068 summo-

717 1098 779 1119 rum
810 1090 947 1119 Virorum
971 1091 1152 1119 scuuorfflu
1177 1096 1205 1118 et
1227 1097 1439 1124 numerumn,
1467 1090 1596 1118 accurate
1619 1096 1647 1118 et
1673 1097 1786 1127 geome-

709 1142 784 1170 trice
806 1142 919 1177 vocati,
945 1142 1037 1170 multo
1057 1140 1173 1170 altiores
1196 1150 1276 1177 sese,
1298 1141 1402 1177 procul
1425 1140 1504 1170 omni
1521 1140 1630 1176 dubio,
1652 1147 1784 1178 spectan-

722 1193 775 1221 dos
795 1193 928 1228 praebere
948 1192 1078 1222 debeant.
1170 1192 1172 1196 ’

750 1243 785 1272 In
805 1243 912 1278 quibus
934 1242 1059 1272 Planetis
1079 1244 1162 1273 etiam
1185 1243 1303 1281 plurimi
1330 1249 1441 1271 montes
1468 1242 1613 1272 vulcanici
1639 1243 1685 1272 vel
1712 1242 1785 1281 igni-

715 1293 794 1322 vomi
820 1294 963 1330 quondam
984 1294 1120 1323 saeviisse
1139 1295 1283 1323 videntur.

756 1345 833 1373 Haec
853 1344 883 1372 in
904 1344 1070 1373 universum
1092 1346 1128 1374 de
1153 1345 1264 1382 origine
1286 1343 1412 1373 Telluris
1439 1352 1538 1373 canere
1561 1344 1784 1382 constitueram3

714 1396 792 1424 hunc
824 1404 945 1431 scopum
977 1395 1021 1429 si,
1049 1396 1243 1432 qualicunque
1268 1396 1374 1431 modo,
1403 1395 1562 1432 attigerim3
1593 1404 1646 1432 ego
1672 1395 1782 1431 habeo,

721 1447 801 1482 quod
823 1446 892 1474 mihi
912 1447 1054 1483 gratuler3
1076 1454 1104 1474 et
1121 1447 1219 1482 quod,
1243 1446 1344 1483 paucis
1372 1446 1452 1475 hisce
1472 1446 1786 1482 animadversionibus,

717 1496 854 1533 Lectori,
883 1497 913 1526 in
939 1497 1097 1526 faciliorem
1127 1497 1220 1526 totius
1245 1497 1332 1534 hujus
1365 1498 1523 1534 argumenti
1551 1496 1786 1536 intelligentiam,

719 1548 814 1585 aptius
836 1554 863 1577 et
883 1547 1043 1585 jucundius
1068 1548 1191 1577 reddam.

756 1599 804 1627 Ad
824 1598 951 1627 ultimam
975 1605 1104 1635 partem,
1126 1607 1199 1635 quae
1218 1600 1252 1628 de
1268 1599 1457 1630 Astronomia
1479 1599 1557 1636 agit,
1578 1598 1650 1628 nihil
1675 1599 1783 1634 habeo,

723 1650 803 1686 quod
825 1650 943 1685 addam3
966 1649 1076 1686 quippe
1096 1650 1211 1686 omnia,
1233 1651 1274 1679 ibl
1297 1656 1470 1686 memorata,
1491 1649 1584 1679 nostri
1602 1650 1662 1679 aevi
1682 1650 1786 1680 Astro-

719 1700 815 1730 nomis
841 1701 959 1736 saltem,
981 1701 1077 1738 agnita
1098 1707 1125 1730 et
1145 1708 1308 1737 perspecta.

827 1751 893 1785 Sic,
915 1751 965 1780 ubi
984 1751 1159 1788 principium
1187 1751 1338 1787 sumsisti,
1359 1753 1471 1789 desine,
1492 1752 1596 1782 Musa!

824 1801 889 1833 Hoc
909 1810 998 1832 unum
1020 1809 1134 1832 certum
1157 1810 1219 1833 est:
1240 1804 1369 1833 humana
1391 1805 1511 1834 selentia
1531 1803 1625 1833 nulla.
