1913 2427
296 185 660 221 COMMENTATIO
694 197 744 217 nt
776 187 998 219 MACHINA
1029 185 1371 221 ATWOODIANA.
1580 203 1601 235 9

80 274 213 312 quaeque
235 275 304 304 adeo
323 284 360 303 Ξ
381 275 458 311 SM,
480 275 538 305 illis
560 274 629 303 6M.
651 273 688 311 -Ι-
709 273 778 302 6Μ.
806 274 918 309 addita,
941 274 1071 303 omnium
1097 283 1206 304 summa
1229 276 1281 304 erit
1304 286 1340 303 Ξ
1362 286 1398 305 20
1410 275 1457 305 M.
1495 278 1596 316 Quod-

84 327 111 355 si
132 326 228 362 itaque
247 335 356 363 ponas,
384 327 459 355 lanei
481 327 509 354 Α
531 326 610 363 injici
634 325 727 361 213M
746 346 756 360 ,
784 324 918 361 idemque
938 326 1057 362 pondus
1078 326 1142 354 addi
1169 327 1243 355 lanei
1266 327 1306 363 B,
1334 334 1395 356 tota
1416 337 1507 357 massa
1534 339 1595 359 mo-

84 378 174 407 venda
203 378 256 406 erit
280 380 315 415 63
338 379 383 407 M.
417 385 443 406 et
474 378 566 406 lances
596 376 797 412 aequilibrium
817 376 993 412 servabunt,
1015 375 1151 413 quoniam
1172 379 1288 414 pondus
1311 379 1398 407 unius
1418 380 1534 415 pondus
1557 382 1596 409 al-

78 429 168 458 terius
183 430 325 465 aequabit.
366 430 458 467 Quam
476 428 599 465 primum
616 437 683 457 vero
702 427 776 456 lanei
792 427 819 456 A
831 427 970 456 addideris
995 437 1007 456 1
1027 428 1079 463 M,
1103 429 1303 465 aequilibrium
1328 430 1451 466 peribit,
1474 432 1538 459 lanx
1556 431 1590 459 il-

78 481 106 509 la
130 481 322 518 deprimetur,
350 482 506 516 eodemque
529 487 655 516 tempore
680 479 746 507 lanx
769 478 790 506 B
823 487 938 517 sursum
970 479 1145 508 movebitur.
1187 481 1264 509 Tota
1290 490 1382 511 massa
1412 490 1489 511 nunc
1518 489 1595 512 mota

79 532 134 561 erit
153 542 189 559 Ξ
206 533 243 568 64
258 533 304 561 M.
327 532 372 561 vis
394 541 462 561 vero
482 531 606 566 motrix,
628 530 689 559 sive
710 528 907 565 acceleratrix,
937 536 1046 558 tantum
1068 533 1090 567 3¹³
1109 531 1196 567 hujus
1219 541 1337 561 massae.

115 581 172 610 Hic
188 589 340 619 apparatus
361 583 480 619 requirit
501 590 650 611 numerum
679 581 864 610 sullicIentem
892 581 1051 616 ponderum
1082 581 1191 610 formae
1210 583 1375 619 circularis,
1402 591 1428 613 et
1452 585 1481 613 in
1503 585 1595 614 medio

75 632 307 671 permultorum,
333 640 364 662 ut
385 634 520 670 pinnulae
541 644 560 662 a
579 640 605 662 et
628 633 644 661 b
669 633 793 662 lancium
818 632 847 660 A
870 638 897 660 et
920 631 941 659 B
964 641 1014 668 per
1045 641 1075 661 ea
1107 632 1222 669 possint
1248 636 1377 665 transire.
1422 636 1499 665 Haec
1522 645 1595 672 pon-

78 683 143 712 dera
164 683 268 713 debent
295 693 414 721 aequare
439 685 626 720 quantitatem
648 684 693 712 M.
717 682 908 712 diversimode
935 684 1175 720 multiplicatam,
1203 686 1302 721 ejusve
1332 693 1426 722 partes
1452 687 1589 717 diversas.

77 733 202 770 Insuper
222 735 395 771 quibusdam
417 744 450 765 ex
470 736 550 764 hisce
574 735 750 772 ponderibus
778 733 871 762 forma
900 734 983 763 debet
1011 744 1073 763 esse
1097 735 1351 773 Parallelopipedi‚
1381 744 1429 766 aut
1449 739 1593 774 lamellae,

77 792 107 815 et
129 786 281 823 longitudo
303 789 390 824 paulo
413 789 503 825 major
521 789 659 818 diametro
682 787 783 816 circuli
805 785 961 821 metallini,
982 787 1017 815 de
1041 795 1100 822 quo
1125 795 1193 815 mox
1214 788 1348 823 amplius.
1389 787 1474 818 Varia
1495 790 1607 819 haecce.-

75 838 201 873 pondera
219 839 300 875 juxta
315 839 481 868 Machinam
503 846 659 868 cernuntur
684 839 712 867 in
737 839 773 867 Z.
1207 866 1211 867 ⁷

115 887 199 919 Lanx
222 889 250 918 A
272 891 347 919 cadit
376 891 646 927 perpendiculariter
677 892 712 919 ad
737 890 939 919 Horizontem.
981 888 1103 917 Cadenti
1130 896 1174 919 est
1195 890 1358 926 proximum
1379 897 1407 919 et
1429 892 1594 928 parallelum

76 939 203 976 tigillum
224 940 351 977 ligneum
371 942 465 971 WW.
493 943 542 971 cui
567 943 641 971 inest
662 942 742 971 Scala
768 941 860 970 divisa
883 941 914 968 in
944 941 1063 976 pollices
1088 942 1138 970 66.
1178 942 1234 971 His
1260 944 1361 981 adjecti
1380 945 1510 980 numeri,
1541 946 1591 981 qui

76 991 142 1020 inde
163 1001 179 1021 a
202 1001 268 1022 zero
290 994 320 1022 in
344 1003 475 1030 suprema
500 1001 580 1031 parte
603 995 695 1023 scalae
717 994 882 1023 ordiuntur.
923 991 1065 1028 Tigillum
1094 992 1189 1028 illud,
1217 1002 1307 1030 aeque
1324 1004 1355 1023 ac
1381 997 1534 1029 columna,
1563 1003 1592 1025 et

76 1041 114 1070 ob
139 1042 253 1071 eandem
277 1044 435 1080 tationem,
457 1052 572 1074 constat
595 1045 707 1074 duabus
731 1043 883 1081 partibus,
904 1050 948 1073 est
968 1052 1034 1073 vero
1056 1046 1255 1074 sustentaculo
1277 1052 1305 1074 et
1324 1046 1589 1084 Parallelogrammo

74 1102 216 1127 annexum
240 1107 296 1136 ope
318 1099 500 1129 cochlearum
521 1105 702 1136 cuprearum.
1516 1135 1545 1165 H
1568 1136 1575 1141 .

306 1154 307 1157 ¹
535 1152 537 1154 .
1549 1144 1593 1165 ure

848 1269 867 1273 Δ.
1197 1271 1209 1286 2

74 1302 123 1332 et,
145 1297 212 1333 quia
233 1298 279 1326 hic
296 1306 432 1328 numerus
451 1299 567 1337 positus
582 1309 620 1327 =
635 1308 667 1334 e,
688 1297 825 1326 habemus
843 1295 1042 1332 aequationem
1064 1304 1078 1323 e
1090 1304 1127 1322 =
1139 1271 1252 1357 ppjkdx
1267 1315 1278 1331 ,
1311 1296 1440 1333 adeoque

68 1358 232 1434 ’.περς-ἆ
247 1392 336 1423 —p.
358 1385 398 1424 Q.
416 1385 453 1416 E.
470 1386 509 1415 D.

724 1445 898 1484 Exemplum
921 1453 948 1474 ι.

113 1506 158 1535 Sit
176 1514 198 1545 p
219 1516 256 1535 Ξ
279 1517 314 1544 30
335 1517 415 1545 gran.
433 1532 444 1546 ‚
467 1518 479 1539 t
497 1520 534 1540 =
555 1513 589 1548 3¹¹
603 1532 613 1548 ,
642 1511 664 1539 d
688 1519 724 1537 Ξ
749 1516 802 1544 193
825 1507 929 1543 pollic.
944 1527 955 1542 ,
983 1515 996 1533 e
1014 1515 1051 1533 =
1071 1513 1108 1541 50
1129 1507 1202 1543 poll.
1221 1527 1230 1542 ,
1256 1507 1310 1535 erit
1334 1507 1454 1536 effectus
1475 1506 1591 1535 inertiae

43 1588 46 1592 ⁴
69 1580 200 1605 totarum
221 1586 242 1605 x
260 1586 297 1605 Ξ
314 1556 668 1605 Q
689 1593 726 1601 -
741 1585 777 1613 30
796 1585 833 1604 =
862 1576 946 1613 1042}
967 1589 1005 1597 —
1027 1582 1062 1610 30
1083 1583 1127 1611 gr.
1171 1574 1283 1612 Quavis
1309 1575 1365 1612 jam
1391 1574 1473 1603 uncia
1491 1575 1600 1612 {Anglc

475 1612 511 1640 50

74 1667 241 1698 continente
259 1671 315 1704 480
336 1679 438 1707 grana,
460 1672 513 1700 erit
530 1682 551 1700 x
566 1680 603 1699 Ξ
629 1654 702 1729 ἒξ
721 1667 829 1698 :fere
847 1668 877 1706 2}
900 1675 970 1697 une.
996 1667 1105 1703 Angl.;
1136 1667 1211 1695 unde
1232 1674 1352 1697 eventus
1375 1667 1592 1704 Experimento-

69 1741 134 1764 rum
157 1734 304 1766 Machtnd
325 1738 516 1768 Atwoodiand
540 1738 781 1768 instituendorum
804 1742 935 1765 accurate
958 1734 1097 1771 cognosci
1120 1740 1227 1772 potest.

723 1804 895 1843 Exemplum
919 1813 947 1832 2.

112 1865 157 1893 Sit
175 1873 197 1904 p
214 1875 252 1895 =
272 1876 306 1905 30
328 1878 428 1906 gram,
458 1876 471 1898 t
488 1880 525 1898 =
546 1870 597 1906 3‘'‚
626 1868 648 1897 d
664 1878 699 1895 Ξ
723 1875 777 1904 193
800 1867 902 1903 pollio.
921 1875 939 1894 c
960 1875 996 1893 =
1012 1867 1052 1902 48
1075 1867 1170 1902 poll.;
1198 1873 1267 1896 tunc
1292 1868 1346 1898 erit
1367 1866 1485 1896 effectus
1509 1875 1594 1903 quae-

76 1930 149 1962 situs
170 1944 192 1963 x
206 1944 242 1962 Ξ
262 1915 434 1989 {RQ
448 1925 462 1952 3
483 1917 516 1949 ><
537 1923 591 1951 ¹9³
609 1952 648 1961 --
671 1946 704 1973 30
725 1945 761 1963 Ξ
781 1936 867 1973 1085{
885 1949 922 1958 ·-
944 1941 1000 1970 30,
1021 1934 1149 1970 adeoque
1170 1944 1191 1964 x
1205 1944 1242 1964 =
1264 1920 1338 1996 ¹:505

1296 1976 1309 1989 Ο

75 2000 165 2038 Angl·
205 2003 304 2041 Posito
333 1971 448 2042 itaqge,
476 2007 607 2042 quamvis
631 2014 693 2036 csse
724 2011 866 2038 massam,
896 2002 957 2032 sive
988 2003 1129 2033 unitatem
1152 2004 1292 2042 potedert's
1316 2015 1352 2034 =
1368 2009 1464 2045 guno.
1485 2002 1592 2047 :.M’

74 2044 127 2082 erit
148 2044 246 2076 inertia
272 2055 399 2078 rotarum
418 2050 547 2088 =‘9M.
702 2053 706 2056 ⁴
860 2084 883 2116 B
1314 2048 1318 2050 ’

1354 1947 1391 1964 Ξ
1406 1936 1461 1965 fere
1478 1938 1505 1974 23
1523 1943 1592 1963 unc.
