1913 2427
680 141 1064 176 ORATIO.
1586 145 1607 187 ζ,

135 234 188 268 vel
209 235 369 278 objectum
392 235 488 273 artis,
521 234 609 283 velut
629 237 841 279 experientiae
866 235 1065 276 subjectum,
1093 236 1134 268 ad
1154 247 1262 268 veram
1282 235 1488 273 observandi,
1510 243 1607 280 atque

133 292 323 337 experiundi
347 293 502 324 rationem
532 292 648 325 referre
666 317 674 329 ,
708 292 760 323 vel
790 298 990 335 postremum
1021 293 1104 335 hoc,
1134 293 1222 325 velut
1249 295 1366 324 mentis
1392 293 1542 332 effatum,
1566 305 1605 325 ex

135 349 380 392 argumentandi
416 361 505 380 more
535 349 757 393 philosophico
803 350 959 393 explicare
991 351 1186 390 voluerunt3
1222 351 1478 394 contemplemur
1508 362 1605 393 porro

135 418 249 439 eorum
274 409 405 439 inventa
429 414 460 439 et
486 408 634 446 modum,
660 408 743 439 hanc
764 408 967 452 disciplinam
991 409 1086 439 variis
1107 408 1211 439 modis
1237 415 1332 451 atque
1348 408 1446 450 pactis
1468 414 1605 438 tractan-

133 463 187 502 di,
213 471 281 495 tum
308 463 450 508 profecto
473 466 596 507 egregia
619 465 735 496 indicia
758 472 789 497 et
822 465 1016 497 sublimioris
1041 465 1218 508 systematis
1247 464 1363 495 medici
1390 463 1531 495 subsidia
1557 464 1606 494 in-

134 522 309 553 veniemus.
355 520 509 553 Confiteri
536 528 642 552 tamen
673 521 853 565 oportebit,
883 522 1040 565 principia
1065 521 1139 551 artis
1170 527 1317 559 nostrae,
1340 520 1453 551 mediis
1473 520 1506 550 in
1535 519 1605 550 lite-

132 587 240 608 rarum
273 583 455 609 nostrarum
487 578 718 617 incrementis,
751 578 790 609 ad
825 590 928 609 unum
956 585 1010 609 aut
1036 578 1170 609 alterum
1203 585 1339 620 systema
1371 578 1439 608 veri
1463 578 1605 608 nominis

131 631 349 672 firmandum,
378 644 445 664 non
481 634 523 664 ita
555 645 630 664 vera
657 641 711 665 aut
738 641 821 666 certa
846 635 1020 665 existimari
1049 645 1158 677 posse,
1189 641 1225 665 ut
1259 634 1321 664 illis
1347 633 1442 664 fidem
1475 644 1605 664 omnem

132 688 350 731 praebeamus,
398 690 572 732 s‘ongeries
601 691 687 720 enirn
714 691 768 721 illa
792 692 964 734 empirica,
988 691 1091 722 multo
1118 703 1192 723 cum
1221 690 1345 722 fervore
1376 690 1525 727 adaucta,
1547 700 1604 732 pa-

133 745 210 777 riter
231 757 305 777 cum
334 746 538 778 Medicorum
569 749 712 791 ipsorum
743 750 875 787 studiis,
908 749 946 780 ad
979 755 1077 779 artem
1105 748 1261 779 medicam
1288 746 1458 778 revocandi
1481 746 1605 784 omnia,

132 813 213 845 quae
234 803 364 834 scientia
389 804 543 835 naturalis
572 804 683 836 afferre
707 806 840 848 poterit,
861 812 932 837 tum
966 813 997 836 et
1026 806 1132 848 ipsum
1160 804 1258 843 illud,
1288 803 1376 847 quod
1404 802 1444 833 ad
1472 808 1603 833 aetatem

130 866 271 891 nostram
300 862 456 904 pertinet,
480 862 641 904 singulare
668 864 872 893 scientiarum
900 863 1049 893 omnium
1077 861 1304 893 sublimiorum
1328 866 1359 890 et
1381 859 1605 890 universarum

130 915 273 947 studium
301 929 413 949 verum
445 925 477 949 et
506 929 720 960 germanum,
752 920 947 962 cognitionis
979 926 1082 950 rectae
1112 918 1382 955 fundamentum,
1410 917 1445 946 in
1473 926 1603 946 ornnem

130 979 250 1015 partem
280 974 479 1007 vacillarunt.
525 977 630 1018 Atque
659 977 734 1007 haec
760 976 940 1008 observatio
972 976 1073 1018 magis
1098 975 1201 1006 adhuc
1221 973 1325 1005 valere
1351 973 1484 1015 poterit,
1509 973 1604 1015 quip-

130 1039 171 1071 pe
194 1030 299 1059 omnis
324 1030 376 1060 hic
402 1032 478 1062 artis
503 1042 690 1074 progressus
718 1032 779 1064 hoc
812 1033 871 1064 sibi
907 1032 1001 1063 habet
1033 1031 1217 1074 proprium,
1247 1037 1283 1061 ut
1309 1030 1486 1060 accuratius
1514 1028 1602 1059 iuda-

130 1091 184 1128 get
211 1091 306 1128 atque
330 1087 505 1125 examinet,
529 1088 618 1129 quod
647 1089 782 1131 imperio
807 1089 876 1131 ejus
900 1089 934 1119 in
956 1090 1037 1119 hanc
1059 1087 1110 1118 vel
1136 1086 1223 1117 illam
1249 1092 1370 1129 partem
1401 1085 1517 1126 subjici
1545 1096 1603 1127 po-

129 1142 212 1174 terit.
259 1142 317 1174 His
340 1143 426 1173 enim
458 1144 707 1185 praetermissis,
738 1155 814 1175 mox
846 1145 1046 1187 provectiora
1075 1143 1207 1174 inventa
1241 1148 1336 1184 atque
1369 1141 1475 1172 studia
1499 1147 1599 1172 artem

131 1198 252 1240 ipsam,
276 1209 374 1240 quam
402 1198 544 1230 divinam
574 1206 670 1243 atque
702 1201 738 1231 in
767 1201 833 1244 ipsa
862 1211 969 1231 rerum
997 1198 1111 1230 natura
1135 1197 1300 1229 fundatam
1329 1197 1419 1229 facile
1442 1197 1601 1237 dicamus,

129 1253 171 1293 ad
198 1254 350 1285 incertam
380 1266 449 1286 non
482 1262 608 1287 tantum
639 1257 827 1294 scientiam,
861 1256 943 1298 quin
971 1262 1003 1287 et
1037 1255 1076 1286 ad
1107 1265 1223 1286 vanam
1247 1265 1282 1286 ac
1305 1253 1429 1285 futilem
1460 1253 1605 1297 disputa-

131 1310 252 1342 tionem
276 1310 439 1343 referenda
461 1321 567 1347 eruut.

173 1369 286 1413 Atque?
306 1369 349 1398 ita
371 1379 489 1411 magno
509 1381 583 1401 cum
610 1370 666 1402 illo
690 1378 896 1413 systematum
921 1377 953 1402 et
985 1369 1251 1413 compendiorum
1275 1379 1432 1406 numero,
1461 1367 1519 1399 ubi
1547 1365 1600 1399 vel

130 1423 218 1454 varia
252 1423 455 1456 scientiarum
487 1427 681 1458 theoremata
713 1428 764 1459 vel
798 1428 923 1471 regulas
944 1427 1194 1470 therapeuticas‚
1217 1425 1405 1457 abrinfimis
1429 1424 1504 1456 inde
1525 1423 1601 1456 effa-

131 1479 173 1510 tis
205 1480 364 1522 empiricis
397 1481 437 1512 ad
469 1482 715 1515 audacissimum
748 1483 988 1527 conjecturandi
1022 1494 1124 1525 genus
1157 1483 1285 1520 illatas,
1320 1482 1500 1522 inveneris,
1533 1482 1601 1524 ipsa

133 1536 277 1567 exoritur
306 1539 465 1578 quaestio:
511 1539 597 1579 Quid
626 1540 678 1571 vel
715 1541 790 1572 incle
826 1541 865 1571 ad
901 1541 1066 1571 scientiam
1094 1546 1125 1571 et
1156 1546 1256 1570 artem
1282 1538 1466 1569 accesserit?
1512 1538 1597 1579 Quid

129 1592 181 1622 vel
210 1592 277 1623 veri
318 1600 373 1623 aut
399 1595 476 1624 certi
505 1595 555 1626 his
588 1597 622 1627 in
656 1596 770 1627 studiis
803 1598 1016 1628 inveniatur?
1061 1600 1128 1628 Aut
1155 1606 1328 1638 quamnam
1355 1594 1523 1626 utilitatem
1547 1606 1598 1627 ars

130 1647 252 1680 medica
284 1659 302 1679 e
332 1650 456 1691 magnis
493 1651 696 1682 scientiarum
723 1653 917 1683 naturalium
942 1653 1180 1696 progressibus,
1212 1651 1263 1683 vel
1288 1662 1328 1682 ex
1357 1650 1423 1694 ipsa
1449 1650 1503 1681 illa
1526 1652 1598 1695 phi·

131 1704 278 1748 losophia
301 1707 452 1737 erectiore
478 1714 533 1738 aut
554 1707 741 1739 sublimiore
755 1722 769 1747 ‚-
787 1707 926 1750 ceperit?
1383 1703 1387 1704 ⁷

176 1762 312 1805 Delapso
334 1763 462 1794 saecuto
487 1770 600 1796 octavo
632 1765 756 1796 decimo
781 1764 907 1802 medio,
932 1765 1095 1807 egregium
1121 1763 1201 1795 illud
1219 1761 1414 1806 praesidium
1436 1763 1511 1795 artis
1530 1774 1597 1796 me.

132 1819 220 1851 dicae
252 1825 381 1849 enatum
412 1818 493 1858 fuit,
531 1822 584 1851 cui
621 1831 907 1859 Boanusvius,
945 1833 998 1852 ra.
1033 1831 1339 1858 nori-MANNUt,
1374 1830 1598 1860 STAHLJUS,

133 1875 251 1917 aliique
286 1885 394 1908 ansam
425 1876 651 1919 praebuerunt.
706 1878 927 1909 Condiderunt
966 1878 1012 1909 illi
1048 1878 1246 1920 ubicumque
1280 1883 1436 1907 terrarum
1475 1877 1598 1908 scholas

134 1943 230 1972 ouas;
266 1933 460 1976 scripserunt
494 1935 619 1968 erudita
650 1935 761 1975 varia,
790 1945 871 1979 quae
907 1936 941 1965 in
973 1935 1119 1966 omnium
1151 1933 1216 1966 sere
1244 1943 1343 1966 manu
1371 1932 1598 1972 versabantur;

926 1992 949 2022 B
1532 2000 1599 2023 GA-
