1913 2427
243 146 288 183 38
597 142 1432 177 J.R.THORBECKE

246 254 272 270 ‚‚
295 234 362 262 item
396 238 439 262 est
462 230 725 269 reprehendendum
751 230 781 258 in
808 229 924 258 dolore:
954 229 1005 258 sed
1026 230 1096 266 quia
1118 229 1177 257 fere
1202 229 1244 257 sic
1265 228 1428 258 afficiuntur
1448 237 1566 265 omnes,
1587 231 1658 261 satis
1681 240 1764 271 argu-

248 302 272 321 „
295 284 384 314 menti
403 290 466 318 est,
493 283 526 311 ab
551 281 669 312 interitu
689 287 818 310 naturam
847 279 1008 309 abhorrere.
1048 280 1137 316 quue
1165 288 1224 315 quo
1249 279 1338 315 magis
1367 280 1482 316 quidam
1509 281 1549 309 ita
1573 282 1702 318 faciunt,
1731 291 1766 315 ut

245 357 271 373 v,
292 337 355 372 jure
378 334 461 363 etiam
487 333 747 369 reprehendantur,
776 331 831 360 hoc
855 329 944 367 magis
971 330 1185 367 intelligendum
1212 337 1276 365 est,
1305 330 1372 358 haec
1399 330 1462 366 ipsa
1482 331 1568 360 nimia
1591 332 1621 361 in
1644 334 1767 369 quibus,

247 407 272 423 „
293 387 356 415 dam
377 385 475 413 futura
498 392 557 412 non
583 383 692 418 fluisse,
713 383 769 411 nisi
793 383 930 418 quaedam
952 388 1047 410 essent
1072 382 1184 410 modica
1207 388 1334 410 naturae.
1352 396 1389 402 ——
1407 381 1532 411 Maxime
1554 388 1646 412 autem
1662 384 1692 413 in
1705 385 1763 415 hoe

247 458 270 474 2,
292 437 405 473 quidem
429 442 529 471 genere
549 434 596 462 vis
619 439 662 461 est
685 433 838 469 perspicua
860 439 998 469 naturae,
1030 442 1095 462 eum
1114 440 1140 461 et
1162 432 1372 461 mendicitatem
1394 432 1476 459 multi
1500 433 1707 470 perpetiantur,
1729 442 1765 465 ut

247 508 273 524 „
293 487 415 521 vivant,
435 492 463 514 et
483 490 625 521 angantur
651 484 929 520 appropinquatione
954 484 1054 513 mortis
1084 483 1212 512 confecti
1238 483 1368 512 homines
1394 489 1559 517 senectute,
1584 490 1612 512 et
1638 493 1669 513 ea
1697 494 1762 522 per·

246 559 272 575 „
293 538 406 572 ferant,
436 544 509 572 quae
534 535 725 564 Philoctetem
757 535 888 564 videmus
919 535 948 564 in
969 535 1092 564 fabulis:
1123 535 1174 571 qui
1199 543 1263 563 cum
1288 533 1461 563 cruciaretur
1484 541 1543 562 non
1565 533 1688 564 ferendis
1713 537 1769 566 do-

248 609 273 626 „
296 589 428 622 loribus,
450 586 628 623 propagabat
651 592 742 614 tamen
763 586 850 615 vitam
875 586 999 622 aucupio
1020 585 1230 622 sagittarum.”
1250 586 1344 622 (ibid.
1370 595 1396 616 c.
1422 587 1490 623 11.)
1708 583 1711 585 Α

288 640 386 674 Atque
410 638 500 666 hocce
524 637 638 673 quidem
666 637 792 665 studium
814 637 1002 666 conservandi
1027 637 1092 672 sui,
1114 637 1270 673 tuendique
1290 645 1340 672 ea,
1364 645 1435 672 quae
1457 636 1615 665 secundum
1637 643 1766 667 naturam

250 696 337 724 sunt,
366 696 427 717 tum
453 688 588 717 universe
613 687 708 716 referri
726 687 822 724 possit
841 688 876 716 ad
901 695 999 716 omnes
1027 688 1195 723 appetitus,
1222 687 1330 723 quibus
1363 694 1463 716 natura
1486 687 1615 716 hominis
1638 689 1770 718 contine·

251 747 318 775 tur,
339 740 374 768 ad
394 738 623 768 benevolentiam
641 746 705 774 erga
724 738 815 774 alios,
836 738 965 767 studium
990 738 1155 774 societatiS,
1175 739 1381 767 venerationem
1407 746 1532 767 summae
1551 745 1684 774 naturae,
1705 746 1768 769 tum

252 790 446 828 particulatim
479 791 514 818 ad
538 789 683 818 hominem
712 789 835 825 ipsum,
861 789 980 818 seorsim
1003 798 1018 818 a
1043 789 1146 818 ceteris
1173 796 1332 825 spectatum
1351 810 1362 824 ,
1390 788 1557 825 fontemque
1585 789 1766 826 officiorum,

255 842 362 877 quibus
395 841 506 869 homini
533 849 597 877 erga
625 848 656 869 se
679 845 722 868 est
747 839 937 876 fungendum.
987 840 1083 875 Atque
1110 848 1141 868 ea
1173 840 1346 870 restrictiore
1378 839 1586 877 significatione
1611 849 1665 870 nos
1686 849 1764 870 nunc

255 892 436 928 accipimus,
455 898 485 919 et
509 899 708 927 exponemus,
738 891 807 926 quid
825 891 909 919 illam
931 890 1057 920 hominis
1080 897 1228 927 naturam,
1258 892 1341 928 cujus
1369 891 1481 919 scilicet
1508 891 1652 927 appetitus
1675 892 1771 920 homi-

256 951 320 972 nem
344 943 442 978 ipsum
467 942 641 977 respiciunt,
664 942 763 970 Cicero
784 942 974 977 intellexerit,
996 950 1124 978 quaeque
1144 943 1212 971 adeo
1234 950 1267 970 ex
1288 942 1338 970 illo
1357 941 1519 977 principio,
1544 948 1642 970 natura
1659 942 1772 971 homini

224 998 227 999 ’
258 993 457 1022 conservanda
487 992 705 1022 commendarit.
745 992 791 1021 Eo
817 993 941 1021 consilio
968 993 998 1021 in
1024 993 1150 1022 hominis
1171 999 1265 1028 partes
1286 992 1484 1027 inquiramus,
1507 1000 1636 1028 quaeque
1647 992 1772 1030 singulis

255 1044 316 1075 illis
341 1044 474 1081 partibus
497 1043 622 1072 tributae
643 1049 713 1071 sunt
733 1052 748 1072 a
769 1050 870 1072 natura
890 1043 1040 1072 facultates
1067 1043 1205 1078 tuendae,
1225 1043 1440 1080 investigemus.

298 1115 317 1131 „
337 1094 432 1131 Atqui
446 1094 633 1130 perspicuum
649 1101 712 1129 est,
741 1095 884 1123 hominem
903 1103 918 1123 e
940 1103 1061 1131 corpore
1082 1094 1235 1130 animoque
1259 1100 1408 1129 constare,
1429 1101 1493 1122 cum
1518 1093 1623 1129 primae
1638 1093 1697 1123 sint
1710 1094 1773 1124 ani-

259 1155 287 1186 1„
308 1146 348 1175 mi
369 1152 484 1182 partes,
505 1146 646 1174 secundae
669 1146 812 1182 corporis.
851 1146 960 1175 Deinde
987 1146 1016 1175 id
1044 1154 1160 1182 quoque
1183 1145 1334 1180 videmus,
1358 1151 1385 1173 et
1409 1144 1447 1172 ita
1466 1143 1618 1180 figuratum
1642 1154 1771 1182 corpus,

263 1218 287 1235 „
307 1204 341 1226 ut
362 1195 480 1226 excellat
509 1195 593 1231 aliis,
623 1196 807 1232 animumque
828 1197 866 1226 ita
888 1197 1102 1232 constitutum,
1131 1202 1163 1225 ut
1183 1202 1211 1224 et
1235 1196 1368 1225 sensibus
1400 1195 1562 1224 instructus
1587 1196 1644 1231 sit,
1671 1202 1699 1224 et
1721 1196 1771 1225 ha-

261 1269 289 1285 „
309 1248 374 1276 beat
399 1246 600 1282 praestantiam
624 1247 744 1282 mentis,
766 1247 812 1275 cui
839 1254 899 1277 tota
921 1248 1048 1277 hominis
1071 1253 1170 1276 natura
1193 1253 1308 1283 pareat,
1330 1247 1360 1274 in
1387 1254 1443 1282 qua
1466 1245 1504 1273 sit
1530 1246 1669 1275 mirabilis
1688 1255 1774 1284 quae-

263 1318 291 1335 „
311 1299 376 1327 dam
401 1297 445 1325 vis
467 1297 586 1325 rationis
610 1303 637 1325 et
658 1298 836 1333 cognitionis
860 1305 888 1327 et
911 1299 1061 1334 scientiae,
1081 1299 1277 1335 virtutumque
1304 1298 1441 1326 omnium.
1483 1297 1557 1325 Nam
1580 1305 1650 1334 quae
1669 1305 1774 1334 corpo.

263 1369 291 1386 ,‚
311 1348 350 1377 ris
374 1354 458 1381 sunt,
479 1355 509 1375 ea
533 1355 584 1376 nec
608 1348 826 1383 auctoritatem,
847 1357 911 1377 cum
935 1350 1020 1378 animi
1044 1350 1173 1385 partibus
1198 1349 1436 1384 comparandam,
1457 1354 1484 1375 et
1508 1348 1702 1384 cognitionem
1727 1347 1776 1378 ha·

267 1417 292 1434 „
313 1398 380 1426 bent
402 1396 571 1425 faciliorem.
609 1397 709 1432 Itaque
727 1397 761 1425 ab
784 1397 828 1426 his
848 1399 998 1428 ordiamur.
1037 1400 1181 1436 Corporis
1200 1399 1288 1435 igitur
1309 1399 1401 1428 nostri
1423 1404 1517 1434 partes
1547 1405 1664 1434 totaque
1688 1399 1779 1436 figura

266 1469 291 1485 ,‚
311 1454 338 1476 et
364 1447 455 1476 forma
484 1453 513 1475 et
532 1453 657 1482 statura,
688 1456 771 1483 quam
801 1455 866 1489 apta
894 1451 928 1478 ad
955 1456 1080 1479 naturam
1107 1450 1165 1485 sit,
1192 1457 1315 1486 apparet.
1353 1449 1456 1485 Neque
1476 1455 1519 1478 est
1541 1449 1679 1484 dubium,
1708 1450 1778 1486 quin

269 1520 295 1536 „
315 1499 416 1534 frons,
447 1498 546 1533 oculi,
573 1506 654 1526 aures
678 1505 705 1526 et
739 1499 863 1533 reliquae
888 1506 1007 1535 partes,
1037 1501 1131 1535 quales
1161 1501 1291 1537 propriae
1313 1507 1381 1529 sunt
1409 1500 1557 1534 hominis,
1592 1500 1778 1538 intelligatur.

268 1570 295 1586 ,‚
317 1550 371 1578 Sed
389 1554 465 1576 certe
488 1556 562 1584 opus
585 1554 643 1583 cst,
665 1556 697 1577 ea
723 1551 834 1585 valere,
855 1557 882 1579 et
905 1551 1021 1587 vigere,
1041 1557 1069 1578 et
1093 1552 1235 1579 naturales
1259 1558 1355 1580 motus
1378 1559 1506 1587 ususque
1533 1550 1653 1586 habere,
1674 1557 1708 1580 ut
1727 1560 1778 1581 nec

272 1619 293 1635 ,.
314 1600 389 1628 absit
415 1599 484 1634 quid
509 1606 628 1634 eorum,
657 1608 708 1629 nec
727 1609 860 1638 aegrum,
889 1603 1104 1631 debilitatumve
1130 1602 1179 1630 sit.
1218 1602 1274 1630 Est
1299 1602 1384 1630 etiam
1410 1602 1488 1630 actio
1512 1602 1646 1637 quaedam
1676 1610 1783 1639 corpo·

271 1671 297 1687 ,‚
317 1651 376 1685 ris,
398 1659 469 1686 quae
488 1656 585 1679 motus
610 1657 637 1678 et
661 1658 753 1680 status
780 1660 895 1681 naturae
916 1660 1104 1689 congruentes
1123 1659 1220 1688 tenet,
1240 1653 1269 1682 in
1293 1653 1399 1688 quibus
1416 1653 1440 1681 si
1462 1659 1595 1689 peccetur
1610 1653 1780 1682 distortione

273 1721 299 1737 „
320 1708 347 1729 et
364 1700 563 1737 depravatione
572 1702 720 1736 ¹quadam,
741 1709 790 1730 aut
808 1709 888 1731 motu
904 1710 1016 1731 statuve
1029 1703 1168 1738 deformi,
1185 1709 1236 1738 ut,
1258 1703 1281 1731 si
1297 1711 1345 1732 aut
1361 1703 1493 1732 manibus
1512 1703 1683 1739 ingrediatur
1695 1704 1778 1740 quis,

277 1771 301 1788 „
323 1758 372 1779 aut
394 1759 453 1779 non
474 1758 556 1787 ante,
577 1753 625 1780 sed
645 1759 741 1787 retro,
763 1753 861 1789 fugere
875 1755 957 1789 plane
974 1763 1003 1784 sc
1021 1756 1098 1791 ipse,
1122 1762 1148 1784 et
1164 1756 1306 1784 hominem
1327 1764 1360 1784 ex
1377 1757 1490 1785 homine
1507 1764 1632 1791 exuens,
1652 1763 1780 1785 naturam

281 1823 305 1838 „
328 1802 423 1830 odisse
439 1802 579 1840 videatur.
620 1803 814 1840 Quamobrem
825 1805 911 1833 etiam
928 1806 1069 1835 sessiones
1085 1808 1217 1842 quaedam
1229 1828 1239 1843 ,
1261 1814 1289 1835 et
1305 1807 1368 1836 flexi
1390 1806 1529 1841 fractique
1546 1813 1661 1841 motus,
1685 1808 1781 1842 quales

274 1874 300 1888 ,‚
322 1859 519 1889 protervorum
547 1854 716 1890 hominum,
747 1862 795 1883 aut
827 1857 956 1885 mollium
988 1865 1049 1885 esse
1072 1859 1183 1892 solent,
1214 1865 1311 1886 contra
1336 1863 1461 1886 naturam
1487 1864 1574 1893 sunt3
1604 1864 1636 1885 ut
1654 1858 1735 1886 etiam
1753 1857 1778 1887 si

276 1924 304 1940 „
323 1904 408 1932 animi
426 1903 497 1931 vitio
514 1904 541 1931 111
564 1905 692 1940 eveniat,
713 1913 804 1934 tamen
833 1907 862 1936 in
885 1916 1005 1944 corpore
1025 1907 1166 1937 immutari
1191 1909 1315 1937 hominis
1343 1915 1440 1936 natura
1463 1908 1602 1936 videatur.
1640 1908 1739 1944 Itaque
1765 1915 1782 1936 e

277 1974 305 1991 „
325 1953 467 1983 contrario
498 1955 653 1990 moderati,
682 1957 901 1994 aequabilesque
922 1959 1062 1996 habitus,
1091 1959 1274 1996 affectiones,
1307 1967 1437 1994 ususque
1459 1959 1609 1995 corporis,
1636 1958 1696 1995 apti
1720 1965 1782 1986 esse

1746 2007 1784 2036 ad
