1913 2427
304 118 344 150 16
551 117 589 148 H.
655 115 688 145 C.
755 122 866 144 van
935 123 1038 144 nan
1104 115 1279 147 BOON
1343 117 1568 150 MESCII
1760 136 1769 148 ι

304 213 387 242 quam
411 203 462 231 lux
487 210 546 231 non
570 202 670 231 incitet
693 207 722 229 et
747 205 924 237 promoveat.
965 198 1117 237 Quidquid
1137 201 1211 230 enim
1242 201 1359 238 Physici
1388 204 1536 241 disputent
1556 206 1590 234 de
1609 206 1811 243 vegetabilium

301 254 504 284 functionibus
526 260 553 282 et
576 253 707 289 viribus,
729 252 764 281 de
782 260 879 280 eorum
899 251 1086 280 irritabilitate
1113 252 1293 288 Halleriana,
1323 254 1455 284 sensibus
1482 262 1510 284 et
1528 257 1660 286 sensorio
1683 267 1812 288 commu*

299 306 346 342 ni,
369 314 493 342 quorum
518 313 689 341 organorum
710 309 737 332 et
762 303 867 332 virium
892 302 1103 339 defensionem,
1129 305 1262 333 nonnulli
1283 305 1446 341 suscepisse
1476 307 1627 343 videntur,
1655 309 1744 345 magis
1768 309 1811 339 in-

300 358 449 394 dulgentes
472 357 575 386 nimiae
594 356 757 392 analogiae,
779 363 863 390 quam
889 354 968 383 ducti
991 360 1105 383 naturae
1124 356 1322 385 observatione
1345 355 1448 394 (51),
1474 359 1510 386 ad
1529 358 1659 394 quinque
1682 359 1810 389 functio-

298 417 348 438 nes
373 409 519 445 singulae,
542 415 688 443 quasquas
708 406 828 435 habeant
842 406 972 442 plantae,
990 406 1067 435 haud
1081 405 1237 444 incongrue
1257 413 1381 443 possunt
1403 408 1519 444 reduci,
1549 409 1684 438 nimirum
1706 411 1742 439 ad
1760 411 1809 440 ab·

297 459 494 496 sorptionem,
515 458 768 494 assimilationem,
789 458 973 486 secretionem
993 457 1039 486 vd
1061 457 1266 493 excretionem,
1288 459 1481 488 evolutionem
1498 466 1525 488 et
1547 460 1765 496 generationem.

335 511 470 539 Vidimus
490 516 603 546 autem,
626 517 652 538 et
674 518 741 539 mox
765 509 889 546 amplius
918 509 1098 545 videbimus,
1127 517 1296 545 magnopere
1319 509 1349 537 in
1372 509 1471 539 umbra
1500 516 1527 539 et
1548 511 1672 541 tenebris
1693 518 1808 550 torpere

294 561 528 598 absorptionem,
557 561 810 596 assimilationem,
839 561 946 596 quibus
969 560 1052 589 laesis
1082 560 1135 596 fit,
1162 561 1234 589 male
1255 567 1288 589 ut
1316 561 1473 590 afficiantur
1501 570 1606 599 organa
1635 563 1804 600 secretoria,

294 612 362 642 hinc
387 613 517 642 evolutio
536 614 686 648 turbetur,
704 613 895 649 perdaturque
914 612 953 640 ita
981 612 1172 641 memorabilis
1200 611 1248 641 illa
1266 612 1402 648 functio,
1430 613 1466 641 ad
1489 621 1574 648 quam
1596 615 1807 653 edendam,‚ut

295 664 426 693 animalis
445 664 487 693 sic
507 664 672 702 vegetabilis
693 663 836 698 universi,
856 664 967 700 justum
993 664 1101 698 robur,
1121 670 1227 699 tonuS,
1248 665 1378 701 energia,
1398 664 1564 700 exigantur3
1594 665 1661 694 haec
1681 671 1725 694 est
1747 665 1806 695 Ge-

294 716 416 745 neratio.
455 717 562 744 Verum
586 715 684 744 nescio
710 715 785 743 sitne
807 715 938 750 aliquis,
968 714 1018 750 qui
1045 722 1105 742 non
1132 720 1243 742 tantum
1268 723 1327 743 non
1356 715 1508 752 percipiat,
1536 724 1572 744 ne
1601 716 1657 744 sibi
1689 716 1804 754 quidem

293 767 400 804 fingat,
421 775 509 803 posse
532 775 630 795 omnes
648 765 812 794 functiones
835 765 965 802 corporis
993 765 1176 801 vegetabilis,
1204 773 1238 794 eo
1262 775 1321 801 quo
1352 766 1477 795 diximus
1505 767 1591 796 modo
1613 775 1629 800 a
1654 768 1719 796 luce
1739 777 1805 804 pro-

293 819 418 854 moveri,
438 818 495 847 nisi
520 824 645 852 statuat,
674 816 842 845 creationem
867 816 1076 852 principiorum
1106 816 1302 852 proximorum
1329 825 1344 846 a
1365 818 1429 846 luce
1455 819 1594 854 pendere,
1623 819 1723 847 saltem
1755 819 1806 848 ali-

293 880 379 909 quam
403 870 530 906 accipere
553 868 806 898 modificationem.
855 868 941 896 Haud
965 867 1037 896 enim
1063 867 1196 904 ignorat,
1226 868 1370 904 quidquid
1395 869 1446 898 lux
1473 869 1503 897 in
1527 870 1639 906 plantas
1665 875 1746 907 agat,
1776 869 1806 898 id

291 928 371 960 agere
395 920 505 950 stimuli
528 928 601 956 ope,
624 926 652 948 et
673 927 761 955 porro
785 919 897 956 singula
917 918 1058 955 principia
1072 919 1201 954 proxima
1217 927 1279 948 esse
1302 919 1469 949 secretionis
1487 919 1624 954 effectus,
1645 928 1712 956 prae
1732 926 1804 949 cete-

291 975 332 1004 ris
351 981 418 1002 vero
438 972 463 1000 ei
481 977 589 1001 certum
613 977 674 1005 est,
695 970 821 1001 indolem
842 970 971 1001 materiae
991 976 1112 1000 secretae
1129 970 1369 1007 qualemcumque
1385 970 1564 1000 conformare
1582 970 1804 1008 applicationem

1754 1027 1806 1050 sti-

283 1130 289 1135 ‘
317 1129 384 1159 (51)
397 1127 451 1150 Vid.
466 1127 575 1149 Zob'namx'e
587 1126 634 1149 eder
646 1128 734 1149 Gezerze
747 1127 779 1149 des
791 1127 919 1156 organischrn
930 1127 1005 1149 zabam
1016 1133 1055 1149 von
1070 1126 1098 1148 E.
1112 1126 1202 1149 Darwr'n
1214 1131 1250 1147 am
1261 1125 1304 1147 dem
1322 1124 1444 1153 Englischen
1461 1124 1554 1146 §baneas
1566 1130 1604 1147 ron
1616 1124 1642 1152 J.
1654 1124 1686 1146 D.
1701 1122 1807 1151 Brundi-1,

293 1179 304 1196 ι
321 1171 396 1195 Theil.
413 1177 438 1197 p·
453 1171 494 1196 189
507 1170 534 1190 ad
548 1176 571 1196 p.
588 1174 634 1195 191.
650 1169 706 1190 dicit
727 1183 746 1196 „
754 1170 790 1190 die
803 1170 887 1190 Bliictct
901 1171 942 1191 der
956 1169 1068 1195 Mimosa,
1085 1169 1126 1189 der
1136 1168 1235 1194 Dionaa,
1254 1169 1292 1189 die
1305 1167 1442 1189 Staubfiiden
1455 1167 1632 1188 verschiedener
1645 1164 1751 1191 Numen,
1767 1165 1808 1187 h·-

291 1228 308 1241 ,‚
322 1214 367 1235 ben
382 1212 448 1234 einen
462 1210 510 1232 sinn
523 1209 561 1231 fiir
573 1210 725 1231 iiusserlichen
743 1210 868 1235 Eindruck.
890 1212 927 1232 das
941 1211 970 1231 ist
983 1210 1049 1231 einen
1064 1209 1198 1231 Gefiihlsinn
1220 1209 1265 1230 und
1285 1208 1332 1230 also
1351 1208 1387 1229 ein
1406 1207 1642 1233 gemeinschafuiches
1660 1205 1788 1227 sensorium
1798 1211 1808 1227 s

290 1267 308 1282 ‚
324 1261 349 1281 p.
363 1258 401 1280 ¹9³
415 1257 438 1274 et
454 1257 501 1279 192.
523 1251 600 1273 Dutch
615 1250 701 1273 welche
716 1252 779 1272 Ιζηιιί
792 1252 883 1272 werden
901 1251 938 1272 dic
952 1251 1090 1272 staubfiiden
1103 1251 1126 1271 in
1145 1250 1252 1271 manchen
1271 1249 1364 1271 Blumen
1378 1249 1424 1269 und
1448 1249 1486 1270 die
1502 1249 1597 1275 stempel
1617 1246 1639 1269 ln
1658 1247 1756 1269 anderen
1769 1252 1808 1272 κο-

290 1310 309 1324 „
324 1294 402 1320 leitet,
417 1299 454 1314 um
467 1284 518 1313 ihre
531 1291 655 1313 Liebhaber
666 1298 694 1313 zu
713 1292 804 1313 finden?
826 1293 917 1314 Wovon
930 1291 1009 1313 wissen
1029 1292 1066 1312 die
1085 1290 1165 1314 einen.
1183 1291 1231 1312 dass
1251 1291 1287 1311 die
1308 1290 1391 1311 andern
1413 1288 1436 1310 in
1455 1288 1516 1310 ihrer
1534 1286 1715 1310 nachtbnrsciust
1734 1287 1805 1309 sind?

288 1351 307 1363 „
323 1335 388 1357 Wird
403 1334 464 1356 diese
479 1333 615 1354 sunder-bare
628 1335 669 1354 Art
681 1338 725 1354 von
742 1334 870 1358 annahrung
885 1334 953 1354 durch
967 1332 1123 1354 mechanische
1139 1332 1270 1356 Anziehung
1282 1331 1338 1352 oder
1356 1330 1427 1352 durch
1441 1329 1479 1351 die
1498 1329 1652 1356 Empi‘indung
1672 1330 1712 1350 der
1730 1328 1806 1350 Liebe

289 1391 308 1404 ‚,
322 1375 530 1401 hervorgebracht?
545 1373 589 1395 Die
604 1375 699 1395 letztere
714 1372 819 1399 meinung
835 1373 893 1395 wird
913 1374 984 1394 durch
1002 1373 1039 1395 die
1059 1373 1155 1394 stari-ste
1173 1371 1282 1397 Analogic
1296 1369 1453 1393 untersiiizt.'’
1479 1372 1588 1397 Loquitur
1605 1371 1633 1392 de
1649 1375 1726 1396 gustu,
1742 1374 1805 1391 tactu

289 1423 312 1439 et
326 1416 442 1439 concludit
457 1422 480 1442 p·
497 1419 545 1442 193.
575 1429 592 1441 ‚.
609 1415 692 1436 Diesen
711 1421 771 1436 muss
792 1415 851 1435 noch
871 1415 908 1436 die
926 1413 1111 1436 unzweifelhaste
1131 1413 1234 1435 Evideuz
1255 1414 1316 1434 ihrer
1334 1411 1494 1434 Leidenschast
1512 1412 1552 1434 der
1572 1411 1641 1433 Liebe
1655 1410 1805 1437 hinzugeffigt

289 1474 307 1486 „
323 1458 432 1483 werden,
451 1456 496 1478 und
511 1456 547 1477 ich
562 1457 658 1483 glaube,
674 1455 717 1478 wir
735 1456 824 1477 konnen
837 1456 878 1478 mit
891 1455 997 1477 wahrheit
1009 1449 1149 1480 schliessen,
1165 1455 1212 1475 dass
1228 1453 1260 1475 :fe
1275 1454 1314 1475 mit
1329 1453 1404 1475 ciuem
1418 1451 1655 1479 geuieinschastlichen
1676 1453 1803 1474 sensoriurn

288 1513 307 1527 „
323 1498 479 1525 begabtsiud‚
494 1497 594 1518 welches
605 1494 672 1522 jeder
687 1497 771 1518 Knosse
787 1497 852 1523 eigen
865 1497 906 1521 ist,
924 1496 968 1519 uud
984 1497 1033 1518 dass
1050 1496 1083 1517 sie
1099 1494 1248 1521 gelegentlich
1264 1495 1326 1516 diese
1343 1495 1514 1522 perceptionem
1528 1495 1684 1516 wiederholen
1699 1498 1804 1518 musscu,

287 1557 306 1570 ‚,
320 1540 437 1562 entweder
452 1539 476 1560 in
491 1539 555 1560 ihren
572 1538 681 1560 Triiumen
691 1553 698 1564 ‚
714 1539 770 1559 oder
784 1538 859 1560 indcn
872 1539 968 1560 smnden
982 1537 1021 1558 des
1036 1538 1161 1562 Wachens,
1179 1537 1223 1557 und
1240 1536 1333 1562 solglich
1341 1536 1428 1558 sowohi
1445 1542 1490 1557 von
1505 1536 1614 1557 munchen
1630 1533 1803 1560 Sigenschirte·

289 1597 307 1609 ,‚
323 1583 363 1603 der
375 1579 437 1603 Welt
451 1585 526 1602 ausser
538 1581 618 1604 nmen,
633 1578 664 1601 als
680 1586 726 1601 von
741 1580 801 1600 ihrer
816 1579 910 1604 eigencn
926 1579 1042 1604 existen,
1059 1579 1146 1600 miisscn
1160 1578 1230 1598 Ideen
1242 1575 1351 1598 haben!’'
1379 1578 1428 1604 Jam
1443 1581 1494 1599 ante
1507 1577 1630 1598 Dario-inm
1646 1575 1710 1596 fuere
1725 1573 1805 1599 Physi-

286 1623 323 1647 ci,
338 1622 378 1650 qui
391 1627 468 1643 sensus
483 1621 562 1648 plantis
577 1622 687 1648 denegare
702 1626 745 1642 non
763 1619 809 1642 nusi
827 1625 894 1645 sunt,
909 1620 940 1641 ita
963 1622 1006 1642 Δο.
1026 1619 1086 1646 1766.
1117 1620 1242 1641 leobinum:
1263 1633 1281 1645 „
1294 1617 1382 1645 Sentit,
1398 1617 1532 1644 percevoir,
1549 1621 1646 1643 pomer,
1667 1614 1804 1641 connoitre,

284 1677 304 1690 ‚,
320 1668 370 1685 sont
387 1664 426 1685 des
442 1667 499 1684 muts
514 1664 655 1688 synouiiner.
688 1664 753 1684 Aussi
769 1662 791 1687 je
808 1667 836 1683 ne
852 1662 904 1683 vois
925 1667 998 1683 aucun
1019 1661 1093 1687 risque
1115 1667 1128 1682 a
1150 1661 1260 1681 admettre
1283 1659 1337 1681 dans
1359 1660 1393 1680 les
1414 1658 1500 1680 mames
1530 1663 1560 1679 un
1584 1656 1667 1678 certain
1689 1656 1757 1682 degi-e
1773 1656 1803 1677 de

286 1720 301 1732 ‚,
318 1704 495 1728 connoissance‚
510 1709 532 1724 et
548 1703 733 1730 d’inzehigence,
747 1704 775 1724 de
791 1705 889 1730 pensee,
904 1707 927 1723 et
945 1703 973 1724 de
988 1701 1119 1727 jugemeut;
1135 1700 1230 1728 puisque
1246 1706 1302 1722 nous
1318 1704 1416 1722 sommes
1437 1699 1515 1720 forces
1525 1713 1532 1725 ,
1549 1697 1587 1724 d'y
1608 1698 1754 1719 reconnoitie
1769 1697 1801 1718 dir

285 1760 303 1773 ‚,
319 1745 452 1771 sentiment,
468 1745 498 1765 du
514 1746 575 1766 desir
586 1759 594 1771 ‚
610 1745 638 1766 de
652 1744 787 1770 l'aversion,
804 1745 895 1766 attestes
911 1749 951 1770 par
966 1743 999 1764 les
1013 1748 1074 1765 actes
1092 1742 1130 1771 qui
1144 1744 1177 1764 les
1191 1746 1323 1768 supposent.
1337 1740 1352 1749 ''
1375 1740 1441 1762 Haud
1455 1740 1519 1762 aliter
1536 1739 1623 1760 Ταινίαι
1636 1738 1712 1765 Angla
1729 1736 1800 1764 (vid.

285 1787 367 1807 Caulon.
384 1787 471 1806 Dium.
485 1787 501 1807 1.
518 1792 540 1812 p.
553 1790 577 1810 8¹
594 1790 617 1807 et
630 1785 693 1811 gn).
721 1785 781 1812 Quin
797 1785 846 1811 ipse
861 1785 987 1811 praeclarus
1003 1789 1026 1805 et
1044 1785 1151 1809 Physicus
1170 1788 1193 1805 et
1209 1782 1356 1809 Philosophus
1371 1782 1472 1802 Bonnetus
1484 1785 1529 1801 non
1546 1785 1630 1801 temere
1643 1784 1720 1800 sensus
1733 1778 1800 1800 dotes

286 1827 369 1854 plantis
382 1832 430 1847 esse
443 1827 554 1852 negandas
569 1827 672 1853 censuit,
687 1833 709 1848 nt
724 1826 829 1853 prudenti
840 1825 926 1851 judicio
935 1840 943 1852 ,
958 1831 1003 1854 quo
1017 1831 1076 1851 erat,
1090 1825 1225 1852 argumentis
1239 1823 1397 1846 defensoribus
1410 1821 1570 1848 vegeubhium
1590 1819 1718 1842 sensiliutis
1734 1818 1800 1840 addi-

287 1866 318 1888 dit
340 1882 357 1893 ,‚
372 1864 540 1892 noejugemens
555 1874 592 1889 sur
604 1867 768 1889 l'insensibilitc
786 1869 826 1889 des
847 1868 933 1889 mantes
954 1871 1005 1888 sont
1025 1866 1151 1888 husi-dees.
1181 1867 1207 1894 Je
1221 1864 1263 1888 n’ai
1285 1870 1324 1892 pas
1343 1863 1455 1891 pretendi:
1475 1867 1573 1889 prouver
1592 1866 1636 1888 que
1657 1862 1691 1882 les
1713 1861 1800 1888 planias
1843 1864 1869 1892 ὲ,

285 1923 302 1934 ‚⁵
318 1913 369 1929 *ont
381 1908 505 1933 sensibies,
522 1908 575 1929 mnis
590 1908 658 1931 voulu
672 1914 771 1931 munirer
785 1909 840 1936 qu’il
852 1909 910 1931 n'est
927 1914 967 1936 pas
987 1906 1091 1936 prouve,
1112 1906 1206 1935 qu'elles
1218 1912 1247 1929 ne
1263 1906 1286 1928 le
1298 1910 1350 1929 sont
1368 1903 1458 1932 point-'⁸
1484 1903 1594 1931 come-pl.
1613 1902 1637 1926 da
1659 1902 1681 1924 la
1703 1900 1798 1924 Nau-n.

272 1949 343 1972 ‘rm
355 1949 384 1972 Ji.
401 1949 470 1976 einp.
484 1948 564 1972 xxxi.
1265 1964 1272 1976 ,
