1913 2427
189 148 233 202 :¹²5
560 150 945 181 FREDERICI
1010 150 1323 185 EGELING

194 244 267 272 quae
287 235 376 272 igitur
395 234 425 264 in
443 235 564 265 aliorum
589 236 763 266 testimoniis
788 236 956 271 quaerenda.
994 236 1138 266 Pertinent
1163 237 1220 266 hue
1248 237 1387 274 imprimis
1416 236 1552 267 historiae
1586 237 1703 268 morbo-

193 295 278 322 rum,
307 295 379 322 quas
409 287 481 316 tanti
500 287 636 316 momenti
659 287 840 316 existimabat
869 287 980 316 Illustr.
1003 288 1214 326 Sydcnhamus‚
1243 295 1276 317 ut
1295 289 1341 326 his
1365 288 1436 318 solis
1453 296 1546 318 veram
1573 288 1701 318 medendi

191 337 325 366 rationem
345 337 469 374 indagari
488 347 576 374 posse
593 338 707 367 dixerit.

230 389 341 424 Sponte
368 394 459 416 autem
487 395 582 424 patet,
612 389 824 417 observationes
840 409 850 425 ‚
882 395 915 417 ut
939 389 1064 425 aliquem
1095 390 1125 419 in
1155 390 1298 420 Medicina
1327 397 1410 420 usum
1437 390 1538 418 habere
1564 389 1701 426 possint,

191 439 287 468 fideles
314 445 340 467 et
363 438 475 467 veritati
505 439 623 468 omnino
653 446 854 469 consentaneas
883 448 946 469 esse
976 440 1086 469 debere.
1126 442 1184 470 Vix
1207 441 1296 478 magis
1325 442 1476 477 perspicue
1504 442 1559 469 hoc
1583 441 1700 469 demon-

189 497 277 519 strare
293 498 433 526 possum,
449 498 534 525 quam
553 498 586 518 ex
602 490 714 527 egregio
732 491 782 519 illo
800 500 888 527 casu,
911 491 961 526 qui
976 492 1132 521 Immortali
1149 492 1323 529 Sydcnhamo
1339 492 1458 528 accidit,
1478 499 1543 520 cum
1565 492 1700 520 accedens

190 542 224 570 ad
245 542 399 578 juvenem,
427 549 509 576 quem
529 542 584 578 jam
607 549 751 569 mortuum
780 542 948 578 credebant,
977 550 1012 571 ex
1034 543 1232 572 observatione
1259 542 1375 571 exilium
1403 542 1476 571 vitae
1497 542 1701 578 reliquiarum,

189 592 369 627 aliorumque
388 598 633 628 symptomatum,
656 592 859 628 perspiciebat,
881 593 928 621 hic
944 601 1060 629 peceare
1081 594 1237 630 plethoram
1255 599 1446 628 commotam,
1468 601 1560 629 quae,
1582 601 1646 621 cum
1667 592 1698 620 in

190 650 285 672 aetum
308 643 441 678 ducitur,
472 642 739 672 vehementissimos
760 652 870 679 semper
896 644 1014 673 effectus
1041 644 1187 680 producit.
1227 645 1272 673 Ex
1303 645 1354 673 hae
1386 645 1476 680 igitur
1499 642 1699 672 observatione

187 694 323 732 jubebat,
345 700 377 722 ut
397 702 480 730 aegro
501 693 581 722 illico
610 702 680 722 vena
702 700 858 730 secaretur,
889 696 967 730 quod
997 704 1061 724 cuin
1093 701 1173 724 tanto
1203 695 1288 723 fiebat
1318 704 1474 730 successu,
1495 700 1527 722 ut
1549 701 1629 730 aeger
1649 700 1702 729 per

192 746 361 774 miraculum
389 744 471 780 quasi
492 744 522 772 in
543 745 631 773 vitam
656 751 845 773 revocaretur.
887 745 1015 774 Maxime
1038 752 1130 774 tamen
1153 746 1326 780 dolendum,
1356 745 1385 773 in
1407 745 1458 774 hac
1483 753 1511 773 re
1532 751 1588 773 tam
1613 752 1698 780 saepe

189 796 319 835 peccari,
341 796 383 824 uti
406 796 497 831 liquet
515 803 548 823 ex
571 796 700 831 exemplo
721 796 876 823 multorum
898 795 1133 831 medicaminum,
1155 804 1246 831 quae,
1269 796 1336 824 dum
1359 795 1392 823 ab
1417 795 1479 823 aliis
1500 795 1618 824 mirifice
1641 796 1702 823 lau-

179 849 311 882 dantur,
341 847 375 875 ab
401 846 465 875 aliis
489 852 537 875 aut
556 846 758 883 negliguntur,
784 853 832 874 aut
853 855 974 882 prorsus
995 847 1209 883 vituperantur3
1241 854 1332 882 quae,
1359 847 1425 874 dum
1447 846 1481 874 ab
1509 845 1572 874 aliis
1600 845 1704 882 paucis

189 899 342 928 admodum
373 897 466 934 granis
494 897 551 926 vim
577 898 715 934 egregiam
741 905 864 926 exserere
888 897 1091 934 perhibentur,
1120 898 1154 926 ab
1180 897 1244 926 aliis
1274 898 1393 932 decupla
1421 897 1513 925 solent
1546 895 1704 932 praescribi

190 950 274 985 dosi,
295 956 328 977 ut
352 949 444 977 ullum
463 948 527 977 inde
547 948 601 977 sibi
622 955 786 984 proponant
813 957 1001 984 successum3
1028 949 1075 984 id,
1105 949 1183 984 quod
1205 955 1255 977 aut
1281 948 1382 976 falsam
1412 947 1442 976 in
1468 947 1532 976 aliis
1558 947 1704 984 experien-

190 1003 259 1029 tiam
284 1001 417 1034 denotat,
438 1006 487 1027 aut
510 999 539 1027 in
558 999 622 1027 aliis
647 999 749 1027 falsam
774 1008 789 1027 a
811 999 886 1028 veris
910 999 1109 1035 experimentis
1122 989 1357 1028 conclusionem.

229 1052 363 1081 Attamen
385 1058 477 1086 neque
504 1050 571 1078 haec
592 1050 756 1079 testimonia
785 1050 950 1086 sufficiunt,
979 1051 1030 1079 sed
1050 1050 1132 1078 etiam
1156 1050 1360 1087 Analogismo,
1387 1058 1439 1078 seu
1468 1048 1639 1084 ratiocinio,
1667 1053 1703 1076 ex

191 1102 403 1139 comparatione
426 1108 518 1130 status
541 1102 683 1137 praeteriti
703 1110 768 1130 cum
788 1101 930 1137 praesenti
950 1102 985 1129 ad
1006 1100 1134 1130 futurum
1156 1101 1281 1138 legitime
1297 1101 1416 1135 elicito,
1449 1109 1524 1137 opus
1545 1106 1598 1129 est.
1639 1099 1705 1128 Sin·

192 1154 300 1192 gularis
320 1153 392 1182 enim
412 1153 601 1189 experientia,
625 1155 669 1181 vel
686 1152 819 1189 propria..
848 1153 894 1180 vel
915 1152 1023 1187 aliena,
1044 1161 1115 1182 vana
1142 1162 1261 1189 prorsus
1287 1159 1314 1181 et
1339 1153 1373 1181 ad
1393 1159 1478 1181 artem
1502 1151 1615 1180 inutilis
1637 1157 1717 1186 est,⁴

191 1205 250 1234 nisi
272 1205 307 1233 ad
328 1203 434 1233 similes
459 1212 544 1237 casus
566 1203 769 1240 transferatur3
793 1212 850 1239 qua
873 1203 988 1239 quidem
1017 1204 1202 1233 translatione
1229 1210 1289 1233 tota
1317 1203 1544 1240 Empeiricorum
1568 1210 1612 1230 ars
1635 1209 1706 1230 con-

191 1256 309 1284 tinetur.
350 1255 516 1283 Praesertim
539 1262 631 1284 autem
654 1255 696 1284 sic
717 1264 731 1283 a
760 1255 904 1284 similibus
928 1253 1078 1283 effectibus
1100 1257 1135 1284 ad
1155 1255 1261 1284 similes
1282 1263 1403 1290 causas,
1431 1263 1447 1282 a
1468 1253 1612 1282 similibus
1635 1260 1704 1281 cau-

192 1307 232 1336 sis
254 1313 280 1334 et
304 1306 529 1334 circumstantiis
549 1307 583 1334 ad
606 1307 714 1334 similes
739 1306 857 1334 effectus
888 1312 914 1334 et
941 1313 1077 1342 eventus,
1107 1307 1141 1335 ab
1165 1306 1323 1336 observatis
1353 1312 1432 1335 antea
1460 1304 1647 1335 successibus
1668 1303 1704 1331 ad

191 1356 348 1393 sperandos
371 1362 398 1384 et
419 1356 556 1392 regendos
580 1355 693 1384 futuros
722 1356 942 1391 ratiocinamur,
972 1357 1010 1384 ita
1038 1363 1071 1384 ut
1102 1358 1168 1384 haec
1198 1357 1345 1385 translatio
1377 1356 1439 1384 sive
1469 1355 1598 1391 analogia
1623 1353 1652 1382 in
1675 1361 1706 1381 re

192 1407 299 1436 medica
323 1406 382 1434 fieri
403 1406 521 1441 debeat,
550 1413 599 1434 aut
622 1407 655 1434 ab
681 1414 739 1434 uno
762 1407 797 1434 ad
824 1407 941 1434 alterum
971 1406 1064 1434 morbi
1090 1407 1213 1443 ejusdem
1244 1414 1361 1440 casum,
1389 1411 1438 1433 aut
1466 1406 1500 1433 ab
1533 1413 1588 1433 una
1612 1402 1710 1432 morbi

193 1457 287 1494 specie
310 1458 344 1486 ad
365 1457 463 1491 aliam,
483 1463 534 1485 aut
557 1458 590 1486 ab
611 1465 668 1486 una
690 1457 783 1485 morbi
806 1457 871 1485 sede
900 1458 933 1486 ad
956 1458 1094 1487 diversam
1109 1478 1120 1492 ,
1144 1464 1193 1485 aut
1219 1458 1253 1486 ab
1279 1456 1392 1485 auxiliis
1421 1455 1512 1483 morbi
1544 1455 1579 1483 ad
1603 1453 1715 1489 similia

193 1508 309 1538 auxilia.
349 1508 486 1543 Sequenti
515 1509 645 1545 exemplo
674 1507 792 1536 ulterius
827 1507 1115 1543 hoclillustrabitur:
1143 1508 1264 1542 accidit,
1293 1513 1325 1534 ut
1351 1505 1460 1534 homini
1489 1505 1598 1534 cuidam
1635 1511 1707 1533 casu

195 1559 318 1595 quodam
337 1564 450 1587 sumtus
466 1566 563 1587 cortex
586 1567 687 1594 peruv.
709 1565 872 1594 quartanam
894 1558 993 1587 scbrim
1013 1559 1172 1595 fugaverit;
1200 1557 1370 1587 transfertur
1397 1565 1463 1585 mox
1491 1565 1539 1592 per
1562 1553 1706 1591 analogis-

191 1619 270 1638 mum
295 1609 518 1646 experimentum
539 1611 572 1638 ad
591 1610 676 1639 alium
698 1618 832 1646 aegrum,
860 1609 954 1638 itidem
978 1616 1114 1645 quartana
1147 1609 1340 1643 laborantem;
1371 1608 1435 1636 dein
1456 1607 1490 1635 ad
1520 1605 1707 1635 intermitten-

192 1667 234 1689 tes
257 1661 340 1696 alias‚
363 1661 529 1696 tertianam,
551 1661 755 1697 quotidianam.
795 1661 926 1689 Ulterius
948 1669 1034 1696 porro
1057 1660 1227 1688 transfertur
1245 1660 1468 1696 experimentum
1491 1658 1524 1686 ad
1545 1657 1613 1685 alias
1635 1663 1710 1691 quo·

195 1720 249 1747 que
270 1711 379 1747 febres,
402 1718 434 1740 ut
452 1713 486 1740 ad
507 1712 696 1748 remittentes,
718 1712 818 1740 deinde
841 1711 925 1740 etiam
954 1712 988 1740 ad
1016 1710 1238 1739 intermittentes
1265 1711 1395 1754 larvatas5
1436 1710 1496 1738 Imo
1516 1708 1552 1736 ob
1581 1707 1708 1741 aliquam

195 1762 407 1792 manifestarum
434 1763 605 1800 qualitatum
633 1763 858 1792 convenientiam
883 1771 916 1790 eo
939 1768 1152 1798 pervenerunt,
1181 1768 1232 1796 ut,
1259 1759 1446 1789 translatione
1472 1767 1487 1786 a
1513 1757 1642 1786 remediis
1671 1757 1714 1790 ad⁴

196 1814 315 1843 remedia
337 1814 429 1849 saeta,
459 1823 492 1843 ex
515 1814 619 1843 effectu
641 1821 714 1843 cort.
739 1822 862 1851 pe1·uv.‚,
888 1815 1008 1851 ejusque
1028 1812 1190 1841 substantia
1215 1812 1381 1847 perspecta,
1410 1811 1444 1838 ad
1467 1809 1597 1837 tentanda
1621 1806 1709 1835 febri-

196 1865 265 1901 fuga
286 1865 357 1900 alia,
378 1866 412 1894 ad
435 1872 506 1895 cort.
530 1874 655 1901 cascar„
683 1866 716 1894 ati
739 1873 814 1894 cort.
839 1865 942 1900 salic.⁷
968 1865 1002 1892 aul
1027 1864 1097 1898 alia,
1121 1863 1200 1891 vario
1221 1870 1286 1891 cum
1307 1867 1409 1890 eventu
1434 1859 1608 1888 transierint.
1650 1857 1709 1886 Ne-

198 1924 255 1952 que
277 1916 322 1945 hic
345 1916 478 1945 subsistit
497 1917 640 1953 analogIae
662 1916 806 1945 rationalis
828 1924 917 1950 usus;
940 1923 974 1944 ex
997 1914 1098 1942 effectu
1119 1914 1214 1948 enim,
1235 1921 1319 1949 quem
1339 1911 1461 1939 habuere
1484 1917 1559 1939 certa
1585 1908 1716 1955 remedia¹

196 1967 228 1996 in
254 1967 361 1997 morbis
382 1967 552 2005 brutorum,
582 1969 618 1996 acl
637 1967 768 1997 effectum
795 1967 915 1997 similem
940 1966 970 1997 in
990 1965 1132 1996 similibus
1160 1963 1268 1995 morbis
1299 1962 1449 1994 homiuum
1479 1961 1707 1994 concluserunt;

1684 2013 1717 2041 et
