1913 2427
478 141 957 176 DISSERTATIO
1022 141 1367 174 JURIDICA.
1643 154 1669 185 θ

150 233 280 270 scriptos
295 238 357 260 esse
370 239 445 260 anno
464 237 540 268 709,
558 231 603 262 M.
621 231 748 259 Antonio
770 235 798 258 et
813 228 857 256 P:
870 228 1000 258 Cornelio
1014 227 1189 264 Dolabella,
1211 229 1299 258 Coss.
1339 228 1385 257 Eo
1405 227 1479 257 enim
1501 236 1597 264 anno,
1619 227 1664 257 in·

150 283 270 312 terfecto
303 283 453 318 Caesare,
488 283 626 312 libertatis
656 282 740 311 amici
768 289 856 316 remp.
888 280 1004 309 liberam
1029 280 1197 316 salvamque
1228 280 1289 308 fore
1318 281 1478 316 sperabant.
1520 281 1574 309 Sed
1602 289 1664 310 eam

149 335 230 371 brevi
258 343 336 370 spem
361 334 489 370 abripuit
521 354 540 370 ‚,
559 336 688 363 aemulus
720 333 916 362 Caesarianae
941 332 1103 368 potentiae,
1132 332 1179 361 fax
1207 338 1235 360 et
1260 332 1347 360 turbo
1379 332 1525 368 sequentis
1557 331 1663 371 saectili

151 404 171 423 „
193 386 364 414 Antonias”
385 387 400 422 ζ
415 388 482 424 12).
523 386 634 416 Brutus
656 393 683 414 et
704 384 838 419 Cassius,
867 383 975 419 quique
995 392 1060 411 cum
1082 383 1123 412 eis
1150 384 1283 413 Caesaris
1303 384 1414 412 caedem
1442 382 1661 417 consciverant,

152 445 187 466 ex
208 438 278 466 urbe
304 437 510 475 profugerant:
534 438 603 468 boni
624 439 702 467 cives
726 437 756 466 in
780 436 914 464 Senatum
940 434 1054 471 venire,
1075 442 1103 463 et
1121 444 1175 471 pro
1196 444 1256 471 rep.
1282 435 1449 464 sententiam
1472 435 1583 469 dicere,
1613 435 1665 462 ob-

145 495 228 524 septa
251 488 485 518 Ansonianorom
512 489 635 519 militum
661 489 744 517 turba
775 487 875 521 curia,
907 495 966 515 non
994 487 1146 516 audebant.
1191 487 1277 516 Tunc
1310 487 1428 522 Cicero,
1458 487 1603 523 desperata
1630 484 1664 514 li-

149 539 258 578 bertate
279 539 400 569 Italiam
424 541 559 577 reliquit,
581 547 608 570 et
629 540 682 568 iter
698 539 728 568 in
746 539 904 569 Graeciam
927 538 1048 574 direxit,
1069 538 1161 567 filium
1186 539 1306 568 revisere
1327 538 1459 575 cupiens.
1498 538 1664 573 Antequam

148 598 242 619 autem
268 591 320 619 iter
345 591 551 628 ingrediretur,
573 593 660 621 hosce
682 592 716 620 de
738 590 841 628 Officiis
861 590 951 618 libros
976 588 1131 618 inchoasse
1153 590 1287 626 videtur,
1316 597 1350 618 ut
1371 596 1478 619 extaret
1504 597 1589 626 opera
1608 589 1664 616 hu.

141 642 194 679 jus
218 643 463 680 peregrinationis.
489 643 570 682 (Ep.
595 643 638 672 ad
659 643 726 671 An.
747 641 822 677 XV,
848 642 918 677 13.)
955 639 1012 668 Sed
1035 648 1050 668 e
1071 640 1164 669 medio
1189 650 1275 669 cursu
1301 642 1376 669 clara
1398 642 1504 677 patriae
1524 649 1598 669 voce
1622 648 1665 668 re-

148 700 289 728 vocatus,
320 694 387 729 quia
409 694 492 722 amici
516 695 550 723 de
571 703 634 730 rep.
661 693 731 722 bene
756 693 882 729 cogitare
906 697 1079 727 coeperant,
1107 691 1228 719 Romam
1252 691 1335 720 rediit
1361 693 1457 728 (13).
1497 692 1601 719 Iterum
1623 697 1665 718 ta-

145 751 209 771 men
234 744 337 772 amissa
359 745 522 774 communis
544 744 715 774 concordiae
743 752 813 780 spe,
843 750 944 771 rursus
968 742 1038 771 urbe
1060 750 1213 779 egressus,
1241 748 1268 771 et
1291 748 1372 771 totus
1402 743 1437 771 ad
1457 742 1569 771 Literas
1594 751 1664 771 con-

145 801 269 829 versus,
290 795 319 823 in
342 796 418 824 villis
443 797 506 825 suis
529 796 618 824 hosce
642 796 731 824 libros
753 793 874 831 perfecit
895 793 958 830 (14
969 795 996 829 >-

183 846 318 874 Attamen
343 847 438 882 quaeri
461 854 581 883 potest,
602 856 670 875 num
692 846 783 875 libros
806 846 840 874 de
868 845 970 882 Officiis
993 850 1057 873 ante
1079 844 1169 873 libros
1201 844 1236 872 de
1262 843 1368 873 Gloria
1391 851 1419 872 et
1445 846 1549 884 Topica
1572 845 1665 882 scrip-

145 897 232 932 serit3
255 906 320 926 cum
342 899 378 926 ad
398 898 531 927 Atticam
555 898 650 936 (XV,
674 899 742 935 13.)
774 897 880 927 scribat
906 896 1004 932 paullo
1038 902 1106 931 post
1135 895 1213 925 VIII.
1238 896 1307 928 Kal.
1326 896 1437 933 Juszii:
1466 897 1527 925 Nos
1549 898 1595 925 hic
1617 901 1665 932 Φι-

143 951 334 984 λοσαφοῦμεν,
366 955 394 977 et
415 939 452 980 τὲ
470 952 526 987 περὶ
546 954 592 981 τοῦ
612 951 769 985 καθήκοντος
793 946 944 986 magnifice
966 946 1191 984 explicamm‚”
1220 955 1293 976 caet.
1316 964 1353 969 --
1372 954 1400 976 ct
1427 954 1494 984 post
1518 948 1569 977 Vt.
1595 948 1664 977 Idus

144 997 295 1035 Quintiles
316 1000 350 1028 ad
374 1001 506 1030 Atticam
529 1002 634 1030 librum
653 1003 687 1030 de
705 1002 795 1038 gloria
814 1000 929 1029 misisse
949 998 1056 1027 scribat
1076 998 1164 1034 (Act.
1186 998 1272 1033 XVI,
1293 1000 1347 1036 4.)
1386 999 1442 1027 Sed
1465 999 1564 1028 Cicero
1588 1008 1664 1036 opus

145 1048 202 1078 hoc
220 1049 268 1078 Vde
293 1050 396 1088 Officiis
422 1059 497 1081 certe
523 1060 587 1082 ante
611 1053 716 1083 librum
745 1053 781 1083 de
806 1052 912 1081 Gloria
934 1049 1103 1084 inchoavit,
1124 1049 1173 1078 sed
1196 1050 1305 1078 tardius
1325 1050 1450 1079 absolvit
1470 1051 1568 1088 (15).

180 1099 279 1138 MaJ'or
308 1109 352 1131 est
380 1104 576 1133 controversia
593 1126 603 1140 ‚
631 1105 665 1134 de
697 1105 884 1143 inscriptione
915 1102 1018 1130 horum
1050 1100 1204 1130 librorum.
1254 1101 1368 1130 Caelius
1402 1101 1477 1130 enim
1510 1101 1665 1140 Calcagni-

144 1160 198 1180 nus
221 1153 308 1190 (16)
341 1154 503 1190 Ciceronem
528 1158 620 1186 multo
652 1156 758 1185 rectius
783 1162 810 1184 et
836 1153 998 1183 accuratius
1024 1152 1058 1180 de
1086 1152 1181 1191 Officio
1209 1152 1298 1181 hosce
1331 1152 1421 1182 libros
1452 1153 1663 1190 inscripturum

140 1201 235 1232 fuisse
263 1212 365 1242 putat,
395 1207 463 1243 quia
493 1207 602 1237 Graeci
630 1209 704 1237 hanc
733 1205 935 1244 philosophiae
965 1210 1072 1240 partem
1102 1205 1160 1241 πέρι
1188 1207 1237 1234 τοῦ
1267 1206 1424 1240 καθήκοντος
1452 1205 1659 1234 inscribebant.

141 1253 197 1282 Sed
219 1254 260 1284 illi
283 1257 340 1294 jam
367 1259 477 1295 pridem
504 1268 519 1288 a
541 1259 610 1289 viris
642 1259 738 1288 doctis
762 1265 932 1294 responsum
954 1262 1016 1291 est,
1038 1261 1066 1283 et
1088 1255 1263 1291 probatum,
1296 1265 1390 1285 veram
1420 1257 1455 1285 de
1480 1257 1583 1296 Officiis
1601 1264 1663 1285 esse

139 1303 378 1344 inscriptionem,
400 1319 464 1338 cum
487 1311 580 1347 ipsius
603 1311 749 1339 Ciceronis
768 1307 956 1342 auctoritate,
976 1313 1037 1334 tum
1058 1306 1167 1341 Gellii,
1190 1307 1339 1342 Suetonii,
1359 1308 1539 1344 aliorumque
1564 1309 1664 1346 (17).

179 1355 288 1386 Verum
314 1361 412 1395 quaeri
430 1370 515 1397 posse
537 1362 636 1389 video:
660 1369 712 1389 cur
731 1361 830 1388 Cicero
851 1357 1020 1393 dialogicam
1042 1356 1182 1393 formam,
1202 1365 1286 1393 quam
1306 1358 1410 1393 reliqui
1436 1359 1580 1387 Ciceronis
1597 1359 1664 1388 libri

143 1415 210 1444 prae
229 1416 260 1436 sc
286 1409 382 1438 ferunt
402 1412 619 1448 philosophici,
642 1412 671 1440 in
693 1411 773 1438 hisce
797 1417 856 1438 non
881 1407 1064 1436 adhibuerit?
1093 1409 1142 1436 sed
1165 1409 1388 1444 respondemus:
1410 1409 1507 1445 Magis
1527 1418 1664 1446 praecep-

147 1463 175 1486 ta
196 1459 231 1486 ad
255 1459 343 1488 vitam
366 1470 545 1490 communem
567 1462 802 1491 conformandam
823 1459 905 1488 utilia
928 1458 989 1486 filio
1008 1458 1115 1486 tradere
1138 1459 1249 1494 voluit,
1272 1467 1356 1495 quam
1380 1460 1514 1489 omnibus
1533 1462 1660 1491 numeris

141 1508 305 1539 absolutam
330 1511 366 1540 dc
390 1512 492 1551 Officiis
520 1513 734 1551 quaestionem3
764 1519 857 1547 neque
887 1510 917 1539 in
948 1509 1044 1539 animo
1065 1508 1165 1537 habuit
1193 1511 1284 1539 varias
1313 1510 1498 1548 diversasque
1529 1513 1661 1549 philoso-

1587 1563 1664 1601 pho·

171 1657 187 1686 (
195 1657 238 1687 12)
254 1661 287 1682 lta
301 1662 416 1685 Antoniam
430 1658 489 1686 θοι-απ
505 1665 573 1687 morus
588 1665 634 1693 lv,
648 1669 670 1691 3.

163 1699 237 1728 (13)
251 1702 285 1722 De
298 1704 339 1731 off:
358 1704 404 1731 ιιι,
420 1710 454 1731 3³.
486 1707 541 1728 Phil.
561 1708 582 1733 ι,
599 1714 610 1733 3
624 1713 656 1734 sq.
685 1706 724 1733 Ep.
738 1705 766 1727 ad
780 1705 838 1726 fam.
854 1703 888 1731 x,
906 1709 924 1725 ι.
945 1702 1000 1730 ΧΠ,
1016 1706 1052 1727 ες.

171 1740 235 1769 (¹⁴)
252 1743 296 1765 cic.
312 1746 340 1764 aa
352 1746 404 1766 au.
422 1746 486 1773 xvi,
503 1753 537 1770 n.
566 1749 603 1770 cr.
619 1748 695 1772 Midas,
713 1748 728 1769 1.
745 1747 784 1768 cit.
809 1746 837 1768 Τ.
851 1745 890 1766 111.
913 1751 936 1772 p·
952 1750 994 1771 γι,
1010 1750 1062 1771 sqq·

172 1783 237 1810 (¹53
252 1785 303 1807 Vid.
322 1785 423 1808 Curatius
437 1790 458 1808 in
473 1789 556 1815 Quaen.
576 1796 598 1816 p.
610 1791 662 1817 269.

173 1822 235 1848 (¹⁶)
251 1825 276 1846 ln
292 1827 354 1855 Disq.
374 1830 391 1851 ι.
411 1830 439 1850 aa
451 1831 524 1851 Lim-m
537 1831 566 1855 ede
585 1830 627 1858 cff.
660 1831 706 1851 Hae
725 1828 919 1855 Disquisitlones,
939 1826 962 1848 ln
982 1826 1065 1853 quibus
1089 1824 1155 1847 XXV.
1176 1830 1265 1848 errores
1284 1826 1407 1854 producit,
1427 1833 1483 1856 quos
1500 1828 1524 1851 in
1542 1828 1661 1856 Officium

143 1862 210 1927 :jhm
221 1867 394 1893 reprehendisse
407 1870 632 1899 notatCalcagninm,
653 1871 728 1893 editae
747 1875 796 1892 sunt
817 1869 840 1890 in
858 1868 906 1894 ejus
925 1868 1015 1895 aperibat
1034 1871 1079 1889 etc.
1103 1866 1204 1889 Basileae
1222 1873 1293 1895 1⁵44,
1314 1868 1338 1890 in
1356 1868 1431 1896 sollo,
1446 1875 1470 1892 et
1489 1870 1593 1899 pluribus
1605 1871 1660 1895 edd.

162 1905 252 1928 brorum
269 1908 293 1928 de
308 1909 392 1936 Officiis.

157 1945 184 1973 -(
193 1951 217 1972 ¹7
225 1946 239 1974 )
253 1950 307 1972 Am·
323 1953 453 1981 Majaragtm
465 1959 488 1976 et
502 1955 556 1984 Jac.
574 1954 665 1982 Gnfilua
680 1954 708 1976 od
720 1954 741 1976 d.
753 1951 816 1980 Drsq.
833 1950 967 1979 ealsagnins,
981 1949 1079 1971 Muretus
1094 1953 1118 1971 et
1131 1950 1253 1978 ltauangm·
1263 1950 1368 1979 adprdnc.
1382 1951 1424 1979 01:

951 2002 972 2031 Β
1649 2007 1657 2023 r
