1913 2427
326 137 804 188 Dlss'ERT‘ATIO
863 141 1398 181 PHILOSOPHICA'.
1577 149 1617 196 37

110 248 131 265 „
147 233 177 258 et
201 229 418 258 conservatione
446 235 538 258 rerum
568 228 714 258 omnium:
744 228 929 265 dubitamus,
959 231 1028 266 quin
1050 240 1081 261 ea
1106 240 1165 262 non
1190 235 1288 263 solum
1314 235 1422 264 ratione
1444 236 1532 274 fiant,
1566 239 1616 268 sed

108 299 127 316 „
147 280 229 310 etiam
260 279 408 309 excellenti
446 279 752 317 quadamrdivinaque
775 280 936 309 ratione?'’
970 283 1026 318 (de
1055 284 1133 313 Nat.
1162 284 1203 312 D.
1237 285 1307 316 ibid.
1342 285 1381 316 cf.
1410 296 1492 325 capp.
1520 291 1612 327 sqq.)

106 351 126 366 ‚‚
146 330 223 360 Haec
249 331 338 368 igitur
373 338 401 360 et
429 331 496 360 talia
523 331 740 361 innumerabilia
772 339 837 359 cum
876 333 1018 362 cernimus
1034 355 1044 370 ,
1073 343 1268 370 possumusne
1290 336 1439 373 dubitare,
1472 338 1542 374 quin
1567 339 1613 367 his

106 402 125 418 ‚‚
147 382 253 419 praesit
268 382 373 418 aliquis
393 382 438 411 vel
461 382 577 411 effector
604 382 654 419 (si
674 383 741 410 haec
768 387 832 409 nata
856 390 943 419 sunt,
972 391 1005 412 ut
1028 384 1146 413 Platoni
1170 386 1326 425 videtur),
1356 389 1402 417 vel
1426 389 1477 426 (si
1503 397 1615 426 semper

105 455 125 471 ‚,
144 433 278 469 fuerunt,
299 440 332 462 ut
348 433 502 462 Aristoteli
526 433 642 470 placet>
664 432 824 461 moderator
846 433 917 461 tanti
941 436 1036 470 operis
1059 443 1086 464 et
1106 437 1282 466 muneris?”
1302 438 1408 475 (Tusc.
1434 439 1476 476 Q„
1498 442 1523 469 Ι.
1541 442 1616 478 28.)

140 505 162 521 ,‚
178 486 310 520 Plerique
330 486 435 522 (quod
455 485 575 513 maxime
598 483 752 513 verisimile
776 489 838 519 est,
864 490 892 512 et
917 494 976 521 quo
1007 495 1104 516 omnes
1128 488 1201 517 duce
1232 495 1333 518 natura
1352 490 1508 529 vehimur)
1531 482 1611 521 Deos

104 555 124 574 „
143 545 205 566 esse
228 537 370 566 dixerunt.
380 536 400 548 '’
420 536 479 573 (de
503 537 580 564 Nat.
599 535 639 564 D.
661 535 685 564 Ι.
709 537 760 572 1.)
799 555 823 570 „
843 535 876 564 Id
889 537 963 565 enim
986 545 1031 566 est
1050 539 1197 575 primum,
1219 542 1298 577 quod
1323 541 1395 571 inter
1412 551 1531 579 omnes,
1554 543 1612 572 nisi

103 609 123 625 ,‚
142 589 292 618 admodum
312 588 435 625 impios,
456 588 610 622 convenit,
642 587 712 615 mihi
737 587 850 622 quidem
882 596 916 616 ex
939 588 1035 617 animo
1062 591 1141 619 exuri
1166 599 1225 620 non
1248 598 1364 629 potest,
1391 601 1455 623 esse
1481 595 1572 624 Deos.
1589 594 1609 606 ’²

99 640 159 678 (de
181 640 257 670 Nat.
283 639 324 668 D.
348 640 399 669 111.
421 640 474 676 3.)
514 659 537 674 ‚‚
558 638 767 667 Firmissimum
790 639 845 668 hoc
870 639 972 668 adferri
1004 640 1136 683 videtur«,
1166 650 1217 669 cur
1244 642 1321 671 Deos
1352 651 1414 672 esse
1439 645 1608 680 credamus,

99 711 125 728 „
147 692 226 727 quod
250 691 328 719 nulla
353 699 421 727 gens
444 697 500 719 tam
528 689 606 724 fera,
633 697 718 717 nemo
740 689 868 717 omnium
900 697 956 720 tam
980 691 1019 719 sit
1039 685 1190 728 immanis,
1222 693 1307 730 cujus
1332 701 1452 723 mentem
1477 703 1536 723 non
1559 695 1610 723 irn-

98 763 125 780 „
145 742 238 771 buerit
254 742 380 770 Deorum
401 741 513 777 opinio.
554 741 645 769 Multi
665 741 699 769 de
717 741 783 770 Diis
804 749 890 776 prava
910 742 1058 779 sentiunt3
1082 743 1111 772 id
1133 744 1206 772 enim
1233 744 1344 773 vitioso
1372 753 1451 774 more
1472 745 1542 774 effici
1568 754 1617 774 so-

95 814 124 832 „
143 793 200 822 let:
223 799 322 821 omnes
351 798 443 820 tamen
473 799 535 820 esse
558 784 616 820 v'im
645 799 672 820 et
694 798 822 820 naturam
858 792 982 821 divinam
1008 794 1192 824 arbitrantur.
1232 795 1294 824 Nec
1319 804 1388 824 vero
1416 796 1446 825 id
1478 797 1611 827 collocu-

99 865 119 882 „
139 845 182 873 tio
211 844 360 873 hominum
399 849 447 871 aut
479 851 638 872 consensus
672 842 781 870 efficit:
811 851 869 872 non
900 844 1042 874 institutis
1073 846 1172 882 opinio
1206 852 1250 875 est
1275 848 1463 884 confirmata,
1488 857 1548 878 non
1570 850 1610 878 le-

96 920 123 937 „
145 899 242 936 gibus.
281 898 370 927 Omni
393 904 486 927 autem
517 897 548 927 in
571 904 600 925 re
631 897 784 926 consensio
811 897 940 928 omnium
971 896 1098 935 gentium
1135 898 1183 926 lex
1208 904 1336 928 naturae
1370 900 1496 936 putanda
1523 900 1615 929 est-’²

95 951 202 988 (Tusa.
224 951 263 988 Q.
287 952 312 979 Ι.
336 951 406 988 13.)

139 1003 196 1032 Sed
222 1009 249 1031 et
271 1002 327 1031 alio
348 1003 436 1033 modo
459 1003 548 1035 homo
568 996 705 1035 Deorum
719 1006 849 1037 notitiam
880 1005 982 1040 habet,
1014 1012 1138 1040 cumque
1163 1003 1198 1033 iis
1221 1004 1397 1042 conjunctus
1419 1011 1473 1035 est.

131 1074 157 1090 „
177 1053 321 1089 Animi‚”
342 1055 469 1092 scilicet,
497 1077 520 1092 ,‚
542 1057 691 1086 hominum
708 1059 826 1093 quadam
847 1065 880 1086 ex
895 1063 975 1094 parte
994 1057 1171 1086 extrinsecus
1195 1063 1264 1085 sunt
1286 1056 1370 1085 tracti
1387 1062 1415 1084 et
1435 1056 1550 1091 haustI,
1571 1062 1606 1085 ex

93 1125 119 1142 ,‚
141 1113 201 1141 quo
217 1105 405 1142 intelllgitur,
429 1115 490 1136 esse
511 1114 588 1137 extra
608 1108 737 1137 divinum
763 1107 908 1142 animum,
937 1108 1078 1137 humanus
1102 1108 1177 1137 unde
1205 1109 1343 1136 ducatur:
1374 1106 1491 1136 humani
1512 1114 1608 1136 autem

92 1176 119 1192 2,
140 1156 225 1185 animi
246 1164 305 1185 eam
329 1164 456 1194 partem,
478 1167 551 1195 qnae
570 1167 707 1195 sensum,
738 1168 809 1195 quae
842 1167 972 1196 motum,
1003 1170 1075 1197 quae
1105 1161 1265 1198 appetitum
1296 1160 1417 1195 habeat,
1447 1167 1507 1188 non
1539 1167 1604 1188 esse

92 1229 115 1246 ‚‚
136 1208 173 1236 ab
204 1208 317 1238 actIOne
347 1210 478 1247 corporis
511 1212 684 1248 seJ'ugatam:
716 1221 788 1248 quae
810 1218 904 1242 autem
928 1222 993 1249 pars
1025 1213 1111 1242 animi
1134 1213 1254 1241 rationis
1282 1218 1368 1247 atque
1397 1211 1604 1247 intelligentiae

90 1278 117 1295 ,‚
138 1259 177 1287 sit
198 1260 361 1297 particeps,
382 1270 441 1290 eam
463 1268 525 1290 tum
548 1263 668 1292 maxime
689 1263 802 1300 vigere,
823 1273 890 1293 cum
915 1264 1073 1300 plurimum
1091 1264 1167 1293 absit
1188 1272 1204 1291 a
1228 1262 1399 1298 corpore:”
1420 1261 1479 1298 (de
1499 1260 1604 1291 Divin.

89 1310 114 1342 ἰ.
137 1312 186 1340 81.
210 1311 290 1341 conf.
314 1313 339 1341 I.
361 1322 410 1350 49.
435 1315 533 1352 med.)
560 1316 696 1350 quoniam
729 1337 747 1352 ‚‚
769 1317 840 1345 ratio
861 1316 937 1344 nihil
961 1316 1038 1344 aliud
1063 1321 1125 1350 est,
1152 1321 1236 1349 quam
1259 1314 1289 1342 in
1312 1321 1421 1349 corpus
1446 1313 1605 1341 humanum.

91 1383 111 1399 „
131 1371 196 1399 pars
211 1363 301 1393 divini
323 1365 443 1401 spiritus
459 1375 560 1396 mersa.
574 1367 593 1379 ”
615 1368 748 1404 (Seneca
770 1369 869 1405 Epist.
893 1367 968 1404 66.)
1007 1386 1031 1400 ,2
1053 1366 1108 1393 Est
1125 1365 1213 1401 igitur
1227 1365 1338 1393 animus
1355 1363 1491 1392 coelestis
1513 1371 1546 1392 ex
1563 1363 1604 1392 al-

91 1435 116 1452 „
136 1414 251 1444 tissimo
270 1416 417 1445 domicilio
432 1418 607 1454 depressus,
629 1425 658 1447 et
675 1419 757 1454 quasi
776 1421 921 1449 demersus
939 1419 967 1446 in
979 1425 1100 1452 terram,
1123 1419 1219 1445 locum
1235 1416 1345 1444 divinae
1363 1422 1497 1450 naturae,
1518 1422 1606 1443 aeter-

90 1486 114 1502 „
134 1466 277 1501 nitatique
291 1486 302 1501 ‚
326 1468 512 1497 contrarium.
554 1468 609 1497 Sed
627 1470 711 1498 credo
729 1470 806 1498 Deos
825 1469 998 1498 immortales
1017 1468 1158 1503 sparsisse
1182 1468 1294 1496 animos
1310 1467 1339 1495 in
1355 1475 1476 1503 corpora
1498 1466 1600 1494 huma·

90 1537 115 1554 2,
135 1516 191 1552 na',
212 1523 245 1545 ut
261 1524 375 1552 essent,
400 1518 451 1553 qui
467 1525 554 1548 terras
571 1525 735 1556 tuerentur,
758 1521 886 1556 quique,
909 1519 1077 1548 coelestium
1097 1518 1485 1553 ordinemcontemplantes‚
1508 1517 1600 1546 imita-

89 1591 115 1607 „
134 1575 232 1598 rentur
249 1576 313 1597 eum
330 1569 405 1597 vitae
427 1570 513 1598 modo
535 1577 622 1606 atque
636 1572 840 1600 constantia.’'
862 1572 921 1608 (da
938 1572 1048 1612 Senect.
1074 1578 1102 1599 c.
1127 1570 1200 1607 211)
1248 1590 1272 1604 9,
1293 1567 1407 1597 Animal
1431 1568 1526 1604 itaque
1541 1569 1598 1598 hoc

88 1624 114 1658 3,
134 1621 305 1658 providum,
324 1628 428 1656 sagax,
444 1621 615 1657 multiplex,
633 1629 749 1651 acutum
761 1633 921 1658 ‚·1nem01·,
942 1624 1059 1659 plenum
1077 1621 1196 1650 rationis
1212 1627 1238 1650 et
1257 1620 1393 1656 consilii,
1414 1628 1497 1656 quem
1514 1629 1601 1650 voca-

87 1674 113 1709 3,
133 1680 198 1701 mus
221 1671 384 1705 hominem,
406 1672 548 1707 praeclara
566 1672 686 1707 quadam
710 1673 878 1702 conditione
894 1679 1055 1710 generatum
1075 1679 1118 1701 est
1136 1681 1151 1700 a
1166 1678 1301 1709 supremo
1318 1672 1392 1700 Deo.
1433 1671 1532 1700 Solum
1552 1678 1597 1701 est

87 1744 114 1761 ‚,
133 1722 206 1752 enim
221 1731 254 1752 ex
271 1728 314 1752 tot
330 1723 516 1751 animantium
533 1723 682 1759 generibus
696 1730 782 1760 atque
798 1725 907 1752 naturis
924 1725 1066 1761 particeps
1081 1723 1198 1752 rationis
1214 1730 1241 1751 et
1257 1722 1460 1759 cogitationis,
1474 1731 1540 1751 cum
1554 1731 1600 1752 ce-

91 1779 194 1810 ;;·tera
215 1774 271 1804 sint
286 1774 382 1802 omnia
396 1773 533 1809 expertia.
573 1772 653 1810 Quid
665 1781 709 1802 est
725 1781 817 1802 autem
828 1796 837 1809 ‚
859 1783 918 1803 non
932 1774 1022 1803 dicam
1038 1775 1066 1802 in
1084 1773 1216 1809 homine⁷
1242 1774 1291 1802 sed
1307 1773 1335 1802 in
1359 1773 1436 1802 omni
1459 1775 1540 1803 coelo
1555 1781 1597 1804 at-

89 1843 115 1860 „
135 1831 192 1859 quc
207 1830 297 1858 terra,
315 1823 572 1851 rationedivinius‘?
594 1839 631 1846 —
650 1824 705 1852 Est
724 1824 812 1860 igitur
826 1826 987 1861 (quomam
1009 1825 1080 1854 nihil
1099 1832 1141 1856 est
1157 1825 1266 1854 ratione
1280 1824 1401 1859 melius,
1422 1832 1509 1861 eaque
1523 1832 1550 1854 et
1565 1826 1596 1855 in

89 1884 115 1911 ‚4
136 1874 252 1902 homine
268 1880 295 1902 et
313 1874 341 1902 in
358 1873 444 1910 Deo)
462 1874 552 1910 prima
571 1875 679 1903 homini
696 1883 762 1904 curn
779 1876 840 1905 Deo
855 1876 974 1905 rationis
991 1877 1125 1906 societas.
1154 1877 1232 1905 Inter
1247 1884 1321 1912 quos
1337 1882 1429 1904 autem
1444 1877 1534 1912 ratio,
1551 1877 1596 1906 in-

88 1945 115 1962 „
134 1931 176 1955 ter
189 1926 302 1954 eosdem
315 1925 399 1954 etiam
416 1931 492 1954 recta
514 1926 587 1955 ratio
610 1926 771 1956 communis
791 1934 852 1956 est:
883 1936 955 1965 quae
977 1935 1042 1957 cum
1060 1928 1098 1957 sit
1122 1928 1186 1964 lex,
1215 1928 1276 1965 lege
1299 1935 1416 1965 quoque
1436 1927 1597 1958 consociati

99 1982 103 1985 ·
920 1978 948 2007 H
1513 2000 1530 2015 „
1551 1981 1603 2009 ho·
