1913 2427
232 134 274 158 m-
578 129 1398 179 auritoneECKE

246 221 308 242 cere
335 213 472 249 debebat,
500 215 610 252 quippe
636 215 719 252 qu‘us
749 214 866 243 ambitio
890 214 919 243 id
949 216 1028 244 valde
1049 218 1217 254 appetebat,
1246 225 1279 247 ut
1305 219 1449 255 ingenium
1482 219 1582 250 habere
1601 221 1746 251 videretur,

243 273 295 301 per
318 265 413 294 onmia
440 266 578 302 tendens,
606 267 811 301 scientiamque
837 266 932 295 omnia
951 268 1147 304 complexam,
1176 269 1280 306 (quod
1301 269 1444 306 objectum
1472 271 1621 308 Ciceroni,
1646 273 1676 301 in
1699 274 1750 303 de·

244 316 414 345 clamatione
429 317 517 353 vulgo
532 317 670 346 Sallustio
685 317 792 345 tributa
803 319 834 354 >3
857 317 939 353 cujus
958 317 1079 354 denique
1098 319 1208 348 indoles
1219 341 1228 355 ,
1252 319 1335 349 facile
1350 328 1377 350 et
1396 321 1514 350 libenter
1530 323 1565 351 ad
1581 332 1679 352 omnes
1696 324 1749 353 ho-

244 366 357 402 mines,
388 368 538 404 omniaque
561 375 707 404 tempora,
729 377 791 397 sese
812 369 1052 405 accommodans,
1071 367 1348 407 illaiii”potissiinum
1365 372 1521 400 doctrinam
1540 373 1696 410 probabat,
1719 376 1755 406 in

245 426 301 453 qua
323 419 402 446 nulla
424 427 466 446 res
487 426 582 455 aperte
599 420 763 456 judicatur,
793 439 810 456 „
827 428 914 455 eaque
938 420 1092 457 dicuntur,
1119 430 1191 458 quae
1212 431 1270 452 non
1296 424 1419 452 multum
1443 423 1604 460 discrepant
1627 425 1662 453 ab
1687 426 1753 463 opi-

245 488 264 504 „
284 469 369 497 nione
388 469 510 506 vulgati.
525 469 544 481 ''
565 470 702 506 (parad.
728 471 883 508 Prooem.)

282 522 337 551 His
364 524 498 552 omnibus
522 524 690 554 Academiae
710 526 920 562 amplectendae
936 525 1096 554 rationibus
1115 524 1238 560 denique
1258 526 1436 561 addendum,
1466 526 1647 562 Ciceronem,
1670 527 1754 564 juve-

243 574 329 603 nilem
353 581 469 603 aetatem
491 584 555 604 cum
575 577 660 605 modo
680 577 833 612 intrasset,
863 577 998 613 magistro
1014 585 1045 604 ac
1070 582 1252 612 praeceptore
1272 576 1513 613 conjunctissimo
1546 585 1630 605 usum
1659 576 1753 606 fuisse

244 625 367 654 Philone
383 646 392 660 ,
423 646 441 661 „
459 635 518 661 quo
542 627 606 655 viro
622 628 813 663 patrocinium
831 628 1016 663 Academiae,
1038 628 1066 656 in
1089 636 1147 663 quo
1164 627 1284 655 maxime
1303 628 1434 664 vigebat,
1456 636 1514 656 non
1534 627 1670 656 defuit:’'
1695 628 1755 664 (de

244 676 332 704 Orat.
351 676 391 705 ΠΙ
419 679 490 714 28.)
513 677 564 713 qui
581 684 673 706 totum
688 673 895 707 sibstraditum
914 679 1056 713 Tulliam,
1074 679 1278 706 adolescentem
1296 678 1407 713 adhuc,
1429 685 1455 706 et
1470 678 1587 715 juvenili
1603 679 1700 706 ardore
1719 678 1756 707 ad

241 728 338 757 omnia
362 737 393 757 se
418 730 582 766 jungentem
605 737 691 766 atque
719 731 909 767 applicantem
926 752 936 766 ‚
966 732 1003 759 ita
1031 729 1190 764 formavit,
1219 735 1247 757 et
1276 730 1450 765 occupavit,
1477 738 1510 758 ut
1538 729 1567 757 in
1588 729 1758 758 Academiae

240 779 334 815 spatia
353 775 442 808 'semel
469 781 604 809 inductus
629 782 744 816 Cicero,
771 790 800 810 ea
825 782 923 810 deinde
953 791 1098 818 nunquam
1125 781 1288 810 deseruerit.

283 829 360 858 Haec
375 830 516 858 sufficiant
532 831 663 859 universe
673 831 705 859 de
721 831 864 860 Cicerouxs
879 832 1105 868 philosophandi
1119 832 1232 867 studio,
1244 831 1552 868 accuratioridcineeps
1570 832 1757 868 explicationi

239 880 439 918 subjicienda:
467 882 601 917 quaedam
624 883 744 919 adjicere
768 883 849 910 liceat
872 884 905 911 de
926 883 1050 919 ejusdem
1079 883 1212 912 instituto
1233 883 1437 919 Philosophiae
1461 883 1548 911 literis
1570 884 1754 913 mandendae·

279 932 442 967 Antequam
477 933 562 961 unius
588 934 712 962 consilio
745 934 895 970 gubernari
923 934 1027 970 Remp.
1059 943 1175 963 necesse
1196 943 1289 969 essct,
1318 934 1418 966 zNat.
1445 934 1485 963 D.
1504 934 1528 962 1.
1553 936 1602 971 8.)
1628 935 1700 963 nihil
1720 935 1758 964 de

241 982 430 1019 Philosophia
451 984 539 1012 literis
565 985 742 1013 mandaverat
763 985 820 1023 (de
841 985 915 1014 Nat.
935 985 974 1014 D.
1001 985 1106 1023 ibid.)
1148 985 1218 1014 Otio
1239 993 1305 1013 vero
1327 992 1360 1013 ut
1380 985 1465 1021 digne
1488 991 1683 1020 succurreret,
1705 993 1755 1014 ne-

241 1042 298 1069 que
320 1034 432 1070 minus,
455 1041 487 1063 ut
503 1035 589 1064 animi
606 1025 774 1073 aegritudini
797 1036 933 1065 solatium
966 1036 1107 1071 adferret,
1133 1037 1202 1065 totis
1224 1035 1443 1072 quaestionibus
1465 1034 1621 1063 scribendis
1641 1042 1758 1071 operam

243 1084 339 1120 dedit,
360 1093 393 1114 eo
417 1086 537 1114 maxime
560 1087 695 1115 instituto
715 1093 801 1124 atque
817 1087 962 1122 consilio,
985 1094 1016 1115 ut
1038 1096 1081 1117 res
1098 1095 1153 1116 tam
1170 1096 1288 1124 graves,
1309 1093 1425 1122 tamque
1442 1086 1617 1122 praeclarae,
1641 1085 1757 1115 Latinis

243 1136 325 1164 etiam
353 1136 442 1165 literis
467 1138 699 1166 continerentur:
729 1145 761 1166 ut
792 1139 856 1167 inde
885 1140 1044 1168 erudiretur
1064 1141 1224 1177 juventus,
1253 1146 1339 1176 atque
1369 1138 1541 1175 optimarum
1567 1138 1670 1166 artium
1694 1137 1760 1169 vias

243 1187 408 1217 doceretur:
432 1189 446 1226 (
461 1188 495 1217 de
518 1188 619 1219 Divite.
647 1190 686 1218 ΙΙ.
714 1199 741 1219 1.
764 1192 815 1228 2.)
841 1191 871 1219 in
890 1199 949 1226 quo
979 1192 1147 1220 Academica
1178 1191 1286 1220 ratione
1312 1199 1384 1219 usus
1412 1189 1507 1218 voluit
1535 1209 1553 1225 „
1573 1187 1760 1218 consuetudi·

245 1257 264 1273 „
284 1247 346 1267 nem
370 1248 385 1268 a
407 1241 525 1268 Socrate
554 1240 683 1269 traditam
708 1241 849 1276 tenei‘e,'’
871 1242 1002 1279 seilicet,
1034 1244 1210 1280 „judicium
1243 1251 1328 1272 suum
1358 1242 1469 1270 nullum
1494 1241 1702 1277 interponere:
1728 1247 1761 1269 ea

247 1308 265 1325 „
286 1289 406 1325 probare
416 1285 521 1325 ,‘q11ae
545 1290 691 1319 simillima
713 1292 771 1320 veri
794 1293 961 1322 videantur:
992 1293 1121 1322 conferre
1141 1303 1264 1329 causas,
1292 1300 1319 1321 et
1342 1293 1410 1329 quid
1436 1293 1464 1320 iu
1488 1299 1630 1327 quamque
1648 1296 1760 1318 senten·

244 1358 264 1373 ‚,
284 1339 349 1367 tiam
373 1339 428 1368 dici
449 1340 565 1376 possit,
595 1350 777 1377 expromere:
808 1343 886 1371 nulla
909 1344 1035 1372 adhibita
1059 1353 1111 1373 sua
1141 1344 1330 1378 auctoritate,
1359 1341 1498 1379 judicium
1522 1340 1696 1368 audientium
1719 1348 1762 1368 re-

247 1390 413 1425 „linquere
438 1391 580 1427 integrum
609 1401 641 1420 ac
672 1393 840 1422 liberum:”
870 1395 927 1431 (fle
950 1395 1053 1424 Dlw'n.
1079 1396 1116 1423 ll.
1142 1404 1213 1430 72.)
1244 1415 1261 1430 ‚‚
1282 1393 1451 1428 nulliusque
1478 1391 1564 1420 unius
1592 1391 1763 1428 disciplinae

248 1459 264 1474 ‚,
287 1440 398 1476 legibus
431 1442 606 1478 adstrictus,
636 1444 742 1479 quibus
768 1445 1014 1483 in2Philosophia
1045 1447 1206 1475 necessario
1232 1453 1349 1482 pareat,
1380 1444 1450 1479 quid
1472 1443 1510 1471 sit
1535 1442 1565 1470 in
1594 1451 1709 1478 quaque
1732 1450 1762 1471 re

248 1511 267 1526 „
287 1492 406 1521 maxime
431 1493 598 1529 probabile,
629 1504 739 1531 semper
764 1497 940 1532 requirere.''
969 1498 1073 1534 (Tusc.
1094 1499 1136 1534 Q.
1161 1497 1213 1526 lV.
1231 1498 1286 1534 4.)
1324 1495 1547 1530 Philosophicas
1568 1493 1656 1530 igitur
1676 1502 1764 1529 quae·

244 1542 354 1572 stiones
378 1552 410 1573 eo
434 1545 619 1580 potissimum
645 1548 768 1575 consilio
792 1548 908 1584 scriptis
927 1549 1024 1577 Cicero
1050 1549 1214 1583 mandavit,
1236 1554 1269 1575 ut
1294 1546 1443 1575 historiam
1461 1545 1664 1580 Philosophiae
1689 1544 1762 1574 civi·

240 1593 300 1623 ¹bus
321 1595 382 1623 suis
404 1596 543 1631 traderet,
574 1604 601 1625 et
623 1599 790 1634 perliceret,
813 1607 844 1628 ut
872 1620 890 1636 ‚,
910 1601 1029 1630 Graecis
1052 1602 1087 1629 de
1112 1597 1301 1634 Philosophia
1328 1597 1417 1625 literis
1447 1605 1506 1625 non
1526 1595 1684 1632 egerent‚''
1712 1604 1761 1624 ne-

247 1653 303 1680 que
324 1646 414 1674 ullum
437 1666 455 1680 ‚,
467 1646 673 1685 Philosophiae
689 1651 784 1678 locum
800 1660 862 1680 esse
885 1659 1043 1688 pateretur,
1065 1651 1116 1687 qui
1132 1659 1192 1679 non
1208 1649 1320 1678 Latinis
1338 1648 1428 1677 literis
1444 1648 1602 1676 illustratus
1623 1647 1760 1684 pateret’²

244 1696 302 1731 (dc
326 1697 428 1728 Divin.
463 1699 500 1727 ll.
525 1701 592 1737 2.):
625 1709 755 1737 quaeque
784 1702 812 1730 in
839 1703 963 1739 singulis
991 1701 1199 1738 Philosophiae
1227 1700 1377 1737 generibus
1414 1699 1517 1728 Graeci
1549 1697 1761 1734 profecissent,

245 1746 406 1782 exhiberet,
435 1758 468 1777 eo
493 1750 606 1786 quidem
632 1753 736 1787 modo,
769 1773 787 1787 a,
808 1762 867 1789 quo
898 1755 991 1791 (sunt
1018 1753 1104 1782 verba
1130 1752 1272 1781 Ciceronis
1298 1751 1380 1779 Tusa.
1405 1749 1446 1787 Q,-
1469 1749 1507 1777 V.
1528 1749 1585 1785 4.)
1613 1749 1761 1778 Socratem

248 1818 266 1832 „
287 1806 372 1827 usum
393 1799 618 1838 arbitrabamur,
640 1811 671 1832 ut
695 1811 822 1833 nostram
846 1805 901 1841 ipsi
926 1805 1094 1833 sententiam
1118 1810 1297 1840 tegeremus,
1313 1795 1420 1829 'errore
1442 1800 1513 1830 alios
1535 1801 1711 1835 levaremus,
1732 1806 1762 1829 et

246 1868 265 1886 ‚,
285 1849 315 1879 ir,
333 1850 411 1880 omni
432 1851 647 1891 disputatione,
670 1855 740 1892 quid
760 1863 837 1886 esset
862 1856 1041 1887 simillimum
1064 1855 1143 1892 veri,
1166 1861 1378 1893 quaereremus.
1387 1852 1406 1865 ’³

1625 2007 1762 2038 CAPUT
