1913 2427
688 152 1371 189 ORATIOsr,-=r·
1584 160 1620 193 13

142 248 247 292 quod,
272 252 308 278 ut
329 246 552 289 unusquisque
572 245 681 285 videt,
703 245 862 289 agendum
887 247 937 278 sit.
990 246 1026 277 In
1057 257 1186 278 summo
1211 254 1316 280 autem
1349 249 1415 282 fine
1446 258 1476 283 et
1509 255 1616 285 consi-

147 305 192 337 lio
219 303 442 335 collocandum
465 299 651 345 erit‚*quod
681 297 757 333 vero
790 304 920 333 nornine
945 303 1074 345 praxin
1107 303 1253 338 dicimus.
1308 306 1392 338 Haeo
1414 309 1500 343 enim
1525 310 1615 351 juxta

140 368 288 392 naturam
313 370 402 390 suam
422 365 453 390 et
477 360 633 391 veriorem
660 358 925 401 significationem
950 359 1030 390 nihil
1055 360 1124 391 vult
1151 360 1301 400 inferius,
1335 364 1397 395 nisi
1425 372 1462 396 ut
1486 367 1614 408 Corpus

140 417 349 451 Humanum,
373 415 460 446 velut
488 416 629 447 Naturae
655 417 917 458 phaenomeuon‚
943 423 1101 457 quantum
1135 418 1267 460 quidem
1295 418 1364 451 fieri
1392 422 1528 464 poterit,
1554 424 1613 453 ima

139 473 229 516 perio
259 472 376 502 mentis
404 478 498 514 atque
534 472 625 511 artis,
658 471 780 514 finique
811 482 961 514 supremo
989 472 1167 504 satisfaciat.
1215 477 1338 508 Omnes
1358 477 1516 521 Corporis
1541 491 1614 522 par-

139 535 205 566 tes,
238 529 273 559 in
307 529 397 559 omni
427 528 583 559 existendi
625 535 679 559 aut
719 528 849 558 vivendi
881 535 935 558 aut
971 529 1112 571 patiendi
1146 531 1246 562 modo
1272 534 1378 572 vario,
1407 535 1547 578 pendent
1575 548 1614 567 ex

138 584 271 627 objectis
304 592 434 615 naturae
462 586 621 623 externis,
657 596 738 627 quae
765 584 844 615 illud
877 583 1051 623 afficiunt,
1081 586 1160 618 adeo
1196 594 1233 618 ut
1265 590 1448 622 arctissimis
1480 593 1612 635 quidem

138 641 278 673 vinculis
311 652 384 672 cum
416 641 486 684 ipso
520 642 661 673 universi
701 641 885 684 organismo
919 642 1131 681 cohaereant,
1167 650 1236 674 tum
1268 646 1393 678 actione
1419 649 1483 690 ipsd
1506 660 1615 680 rerum

137 705 341 730 externarum
372 696 462 728 facile
498 696 738 729 modificentur.
790 699 897 740 Atque
930 698 972 728 ita
1008 709 1193 740 supremum
1233 702 1310 732 artis
1340 703 1479 736 medicae
1511 705 1611 736 finem

139 754 228 785 illum
253 754 414 793 dicamus,
436 755 494 797 qui
521 760 569 785 est
597 754 631 784 in
658 754 870 796 temperandis
897 761 928 785 et
957 755 1110 797 regundis
1141 757 1209 788 istis
1235 759 1388 798 externis,
1414 771 1543 802 gravem
1569 764 1613 794 ita

136 810 279 854 profecto
303 817 334 842 et
364 811 538 854 grandem,
574 816 610 841 ut
645 817 792 841 naturam
824 811 946 853 ipsam,
976 811 1063 842 velut
1087 820 1251 855 agentem,
1272 816 1362 857 juxta
1383 818 1610 860 experientiam

133 868 208 898 satis
233 866 316 898 bene
339 875 474 906 certam,
498 867 538 898 ad
564 867 640 898 artis
664 866 799 899 formam
827 867 970 910 redigere
988 870 1157 910 possimus.

179 922 320 960 Natura,
346 935 363 954 e
390 925 572 961 contrario,
597 923 636 954 ad
666 931 765 954 artem
796 924 917 956 Medici
951 936 1018 956 non
1052 927 1238 958 exanimum
1268 928 1389 972 aliquid
1416 937 1479 969 est,
1517 933 1608 975 quod·

133 978 222 1010 velut
251 979 500 1011 instrumentum
532 992 591 1023 pro
608 980 716 1012 lubitu
745 987 926 1019 moveatur,
950 982 1031 1023 quin
1058 984 1167 1025 potius
1190 985 1366 1017 animatum
1396 987 1494 1026 illud,
1519 990 1610 1032 quod

133 1035 204 1078 ipso
233 1036 348 1078 spiritu
377 1047 437 1067 suo
463 1037 614 1076 calescit,
647 1037 810 1068 alimentis
847 1044 1042 1068 sustentatur
1072 1046 1102 1069 et
1131 1039 1260 1073 aliunde
1290 1043 1385 1074 etiam
1419 1043 1522 1087 alget,
1552 1058 1609 1077 eu-

130 1091 249 1134 jusque
273 1092 512 1134 phaenomena,
542 1105 601 1136 pro
624 1100 757 1124 externo
785 1104 893 1132 rerum
921 1093 1083 1148 impulsu,
1114 1096 1205 1138 juxta
1238 1106 1338 1130 certas
1367 1106 1500 1132 naturae
1519 1101 1604 1145 leges

132 1146 313 1179 afficiantur
349 1155 443 1192 atque
473 1150 696 1183 immutentur.
743 1149 810 1181 Hae
836 1149 918 1192 leges
939 1161 955 1180 a
989 1151 1114 1183 medico
1140 1153 1355 1187 observandae
1375 1168 1441 1188 non
1466 1165 1606 1199 tantum,

131 1204 187 1235 sed
217 1211 248 1235 et
269 1206 446 1237 accuratius
466 1206 620 1238 tenendae
636 1212 712 1237 suut
725 1230 733 1244 ‚
756 1212 793 1236 ut
813 1217 874 1249 pro
894 1208 1033 1237 externis
1053 1208 1138 1240 hisce
1154 1209 1250 1241 rebus
1274 1212 1483 1245 medicamina
1501 1217 1604 1258 aptio·

129 1271 165 1291 ra
186 1261 427 1305 investigentur.
474 1262 573 1306 Quod
604 1263 638 1294 in
672 1263 902 1306 phaenomenis
935 1270 1066 1296 naturae
1100 1266 1232 1310 ejusque
1255 1267 1379 1311 legibus
1408 1271 1507 1302 veluti
1526 1283 1604 1304 cau·

127 1327 195 1349 sam
217 1320 410 1362 comperias,
433 1330 603 1363 nunquam
635 1320 818 1351 absolutum
854 1320 897 1350 ita
924 1321 1139 1363 praedicabis,
1173 1324 1253 1366 quin
1282 1332 1313 1356 et
1339 1327 1398 1358 arti
1421 1327 1604 1372 subjectum

127 1379 223 1417 atque
250 1374 402 1407 obediens
431 1376 677 1415 existimaveris,
701 1377 782 1420 quin
806 1382 838 1407 et
863 1387 919 1419 per
950 1384 1098 1409 naturam
1131 1380 1251 1422 ipsam,
1280 1383 1354 1414 satis
1383 1383 1465 1415 bene
1491 1387 1602 1429 cogni-

118 1436 210 1471 tam,
239 1431 280 1463 ad
314 1433 488 1476 organismi
521 1433 605 1477 leges
635 1433 694 1464 rite
719 1444 894 1476 componas
926 1440 981 1465 aut
1014 1435 1055 1466 ad
1083 1436 1390 1470 medicamentorum
1413 1441 1605 1474 salutarium

126 1489 407 1532 praescriptionem
433 1489 523 1521 facile
556 1489 682 1523 referas.
744 1490 856 1522 Praxis
887 1490 985 1532 igitur
1010 1491 1212 1535 disciplinam
1239 1495 1445 1527 scientificam
1480 1509 1600 1543 suppo.

126 1546 193 1583 nit,
222 1545 396 1588 ambaeque
422 1546 494 1577 illae
524 1557 728 1590 nequaquam
756 1546 856 1578 veluti
881 1557 947 1590 res-⁴
959 1550 1135 1581 contrariae
1164 1552 1390 1594 opponendae,
1414 1555 1494 1596 quin
1521 1567 1603 1587 con-

127 1607 176 1633 tra
206 1603 382 1633 arctissimo
409 1603 541 1646 quidem
575 1614 660 1635 nexu
696 1603 939 1645 conjungendae
972 1612 1077 1636 erunt.
1131 1607 1166 1638 Si
1193 1619 1292 1638 unam
1320 1609 1360 1640 ab
1391 1610 1487 1643 altera
1506 1623 1600 1655 sepo„

126 1668 199 1698 nas,
222 1665 292 1689 tum
314 1659 516 1702 disciplinam
543 1661 665 1704 ipsam,
690 1672 750 1704 pro
775 1661 916 1692 inventis
940 1660 1016 1704 ipsis
1040 1662 1091 1693 vel
1115 1664 1215 1706 magis
1245 1664 1294 1696 vel
1321 1666 1429 1697 minus
1457 1669 1602 1700 certiori·

124 1713 206 1753 bus,
238 1722 293 1746 aut
332 1716 501 1748 extendere
529 1718 653 1760 magis,
683 1724 758 1756 aut,
790 1723 947 1759 quantum
976 1720 1114 1760 poteris,
1147 1720 1186 1751 ad
1213 1722 1378 1753 scientiam
1406 1725 1480 1755 saus
1514 1725 1602 1758 bene

124 1770 294 1815 perfectam
327 1772 496 1812 conferre,
527 1772 627 1805 officii
658 1775 705 1804 tui
737 1773 887 1817 dixeris;
923 1782 1046 1806 constat
1077 1783 1183 1808 tamen
1223 1779 1355 1820 praxis,
1392 1791 1596 1824 nequaquam

124 1827 293 1870 hypothesi
329 1830 504 1862 inserviens
522 1854 531 1868 ‚
568 1831 656 1862 velut
688 1831 726 1862 ad
754 1830 914 1874 liquidum
944 1832 1106 1875 explorata
1134 1834 1267 1872 veritas,
1289 1843 1441 1867 exornata
1462 1838 1595 1881 quidem

124 1883 301 1926 dignitate,
326 1885 447 1918 honore
464 1911 471 1925 ‚
498 1887 607 1926 laude,
631 1889 830 1932 temporique
854 1890 1111 1930 accommodata,
1144 1892 1199 1923 secl
1225 1893 1292 1936 ipsa
1322 1893 1384 1925 sibi
1411 1896 1502 1938 quasi
1528 1896 1596 1927 suf·

126 1939 254 1977 ficiens,
286 1953 344 1973 nec
374 1944 544 1987 opperiens
575 1946 694 1978 amieos
729 1945 855 1979 futuros
886 1952 941 1979 aut
973 1953 1143 1990 patronos,
1169 1950 1226 1991 qui
1247 1949 1287 1982 ad
1314 1950 1419 1983 lucem
1446 1953 1596 1985 scientiae

124 1996 288 2033 elatiorem
314 2001 467 2032 accessuri
492 2009 595 2037 erunt.
994 2004 1019 2036 B
1045 2004 1066 2036 3
1192 2000 1195 2004 ’
1556 2011 1595 2042 ln
