1913 2427
673 138 1056 171 ORATIO.
1303 172 1306 174 ,
1558 142 1599 174 23

130 249 146 266 σ
168 236 273 267 ciliare
300 239 396 278 atque
422 231 634 276 conjungere,
657 232 837 274 multasque
860 232 1011 264 salutares
1035 233 1180 265 veritates
1208 234 1241 264 in
1269 233 1404 277 singulis
1425 245 1499 265 cum
1518 235 1597 276 judi-

128 306 144 322 «
167 293 215 324 cio
247 292 394 330 haurite,
427 297 533 334 postea
561 300 612 321 eas
640 290 674 321 iu
709 289 855 320 oidinem
891 296 921 320 et
947 291 1200 330 connexionem,
1223 292 1339 323 attentet
1366 290 1592 331 meditatione,

128 362 144 378 α
166 349 323 392 digerere,
346 354 382 379 ut
403 347 547 379 doctrina
570 346 689 378 medica
713 347 860 377 scientiae
880 345 1010 378 demum
1034 358 1116 390 opus
1141 347 1285 380 evatlat.'’
1309 348 1383 391 (²⁸)

172 405 309 449 Cognita
339 411 445 436 autem
473 404 665 447 experientia
696 405 843 435 omnium
868 404 978 435 aetatis
1002 403 1222 444 Medicorum,
1244 405 1455 448 expensisque
1480 415 1593 435 eorum

123 461 350 505 ‘systematibus
378 468 409 492 et
436 461 621 500 conatibus,
644 461 861 503 cognitionem
890 470 1018 492 omnem
1045 461 1200 492 medicam
1225 461 1264 492 ad
1290 462 1364 492 artis
1392 461 1529 492 sormam
1551 472 1600 491 re-

127 518 275 561 digend13
297 515 603 559 conjunctadeinde
627 518 685 549 hac
710 516 855 549 doctrina
875 517 1025 561 empirica
1050 528 1125 548 cum
1151 517 1371 561 progressibus
1393 519 1473 549 varii
1498 529 1593 561 gene-

126 575 189 613 ris,
213 585 295 618 quos
316 575 447 606 scientia
469 581 600 606 naturae
623 574 663 605 ad
688 576 774 606 hunc
795 585 898 618 usque
926 573 1012 605 diem
1033 572 1122 612 fecit3
1142 575 1264 606 servata
1291 586 1387 617 porro
1410 575 1500 607 omni
1522 585 1598 616 cog-

126 631 281 663 noscendi
305 630 486 669 harmonia,
509 631 629 675 absque
653 631 751 663 ullius
778 632 955 674 systematis
977 637 1031 661 aut
1055 631 1196 674 partium
1221 631 1346 669 studi03
1368 632 1459 673 praxi
1472 630 1600 662 tandem

127 687 313 719 conservata
335 688 473 731 simplici
496 695 591 731 atque
616 689 757 731 integr-21,
778 689 869 731 juxta
890 688 1128 719 observationes
1150 694 1181 718 et
1204 687 1394 718 morborum
1417 688 1598 725 historiam,

125 745 318 788 experientia
339 744 502 777 rationalis
527 752 558 776 et
583 746 658 777 satis
681 745 762 777 bene
785 752 869 777 certa
891 744 1064 782 efficietur,
1090 751 1161 776 tum
1189 755 1239 776 ars
1266 745 1333 787 ipsa
1362 751 1393 776 et
1418 744 1549 776 scientia
1561 743 1602 774 ad

125 811 290 832 summum
318 800 480 844 fastigium
505 808 716 845 perventurae
745 809 849 835 eruut.

169 858 315 900 Denique
347 858 416 901 pari
443 869 518 889 cum
541 870 635 903 passu
662 858 933 902 progrediendum
958 860 1018 890 erit
1050 869 1124 890 cum
1149 856 1231 901 ipsa,
1254 867 1336 900 quae
1358 857 1392 888 in
1411 856 1495 888 diem
1519 867 1602 888 cres-

124 913 185 951 cit,
217 913 404 957 disciplinae
439 914 565 946 cultura
596 922 627 946 et
658 916 754 959 opera
781 916 927 947 virorum
952 915 1171 954 eruditorum,
1193 915 1250 957 qui
1272 913 1395 945 labores
1418 924 1493 945 suos
1520 913 1603 943 hanc

126 970 161 1001 in
193 981 262 1001 rem
291 971 456 1002 instituere
491 971 576 1003 haud
607 971 775 1009 desinunt,
806 979 902 1015 atque
934 972 1012 1003 adeo
1035 982 1168 1002 examen
1195 971 1303 1013 ipsum
1331 969 1531 1001 referendum
1562 969 1603 1000 ad

124 1026 356 1069 speculationes
381 1028 462 1060 varii
493 1028 635 1070 generis,
658 1039 738 1071 quas
760 1029 811 1059 vel
834 1029 1004 1071 ancipites,
1027 1028 1108 1071 quin
1134 1034 1165 1059 et
1185 1026 1343 1064 funestas,
1366 1037 1452 1058 unus
1481 1033 1535 1057 aut
1559 1025 1604 1056 al·

125 1089 173 1114 ter
197 1083 434 1127 praedicaverit.
479 1084 634 1124 Quamvis
653 1085 739 1115 euim
762 1085 813 1116 vel
838 1096 937 1128 pauca
961 1090 1086 1115 tantum
1109 1083 1199 1115 utilia
1215 1094 1252 1114 ex
1276 1083 1435 1125 ejusmodi
1455 1093 1602 1126 perscru-

125 1141 246 1172 tatione
281 1147 442 1184 exspectes
473 1140 514 1171 ad
545 1140 704 1171 culturam
738 1140 875 1183 alicujus
907 1141 1005 1184 partis
1036 1140 1192 1179 medicae,
1215 1150 1298 1183 quae
1327 1141 1420 1182 juxta
1456 1146 1602 1170 naturam

126 1207 217 1228 suam
243 1196 389 1240 fingendi
407 1203 463 1228 aut
487 1195 664 1240 effingendi
689 1198 842 1229 rationem
869 1198 1098 1240 phantasticam
1122 1196 1210 1228 haud
1225 1197 1364 1239 patitur3
1387 1196 1533 1239 quamvis
1550 1195 1603 1227 vel

125 1252 235 1284 oculos
257 1260 384 1284 nostros
403 1253 551 1295 jucundo
574 1254 652 1284 novi
674 1254 770 1295 hujus
794 1254 916 1285 inventi
934 1253 1121 1297 splendore,
1144 1253 1196 1284 vel
1218 1254 1327 1296 potius
1343 1253 1496 1296 caligine,
1519 1260 1603 1295 tega-

123 1320 216 1348 mus,
237 1320 343 1352 neque
371 1316 403 1341 et
425 1309 541 1353 judicis
569 1310 646 1341 recti
675 1316 729 1341 aut
753 1311 890 1342 accurati
907 1309 1052 1341 officium
1071 1309 1311 1353 relinquamus,
1335 1320 1603 1352 unumquemque

123 1372 231 1397 tamen
261 1373 431 1405 conatum,
461 1367 519 1410 qui
550 1367 618 1398 veri
653 1377 795 1398 amorem
827 1366 1067 1410 complectitur,
1090 1373 1191 1397 artem
1214 1372 1246 1398 et
1270 1367 1436 1397 scientiam
1463 1365 1603 1409 ampliti-

122 1423 229 1461 candi,
252 1424 286 1454 in
312 1434 442 1454 omnem
465 1430 588 1466 partem
618 1424 782 1455 aestimare
806 1429 838 1455 et
867 1424 985 1454 imitari
1013 1423 1183 1467 oportebit.
1238 1424 1314 1454 Veri
1332 1423 1419 1454 enim
1440 1423 1604 1461 studium,

123 1489 296 1521 quemnam
324 1486 486 1511 auctorem
509 1486 564 1512 aut
586 1481 725 1512 amicum
747 1480 879 1518 habeat,
905 1486 960 1511 aut
984 1480 1035 1511 vel
1059 1490 1202 1523 quonam
1233 1479 1332 1510 modo
1358 1479 1448 1510 vario
1475 1489 1606 1523 promo*

121 1542 251 1573 veatur,
275 1542 366 1578 grato
389 1547 514 1580 semper
540 1538 649 1568 animo
673 1537 853 1569 existimare
880 1543 975 1580 atque
1001 1537 1137 1568 revereri
1166 1536 1274 1567 omnis
1292 1546 1413 1578 aequus
1430 1547 1538 1568 rerum
1554 1537 1604 1578 ju·

120 1590 183 1623 dex
205 1591 295 1623 facile
315 1599 420 1624 ratum
445 1592 584 1626 habebit.
627 1592 804 1625 Rationalis
827 1593 944 1635 igitur,
978 1593 1035 1631 (ut
1068 1591 1177 1623 omnia
1201 1590 1241 1622 ad
1275 1601 1372 1621 uuam
1391 1592 1517 1623 tandem
1545 1592 1604 1625 ob-

121 1649 334 1681 servationem
347 1649 703 1692 redigamus‚)Medici
720 1660 857 1688 nomen,
878 1660 955 1681 cum
987 1659 1134 1686 nunno,
1158 1648 1230 1681 viro
1259 1647 1488 1688 celeberrimo,
1512 1649 1605 1681 illum

123 1705 228 1737 solum
250 1705 410 1744 dicamus,
444 1719 459 1734 «
475 1707 531 1750 qui
558 1707 642 1739 viam
666 1713 766 1746 tenet,
787 1717 886 1751 quam
903 1717 997 1744 sana,
1023 1705 1215 1748 tranquilla,
1238 1705 1382 1737 modesta
1398 1706 1515 1744 Ratio,
1540 1716 1603 1737 usu

123 1773 137 1790 α
160 1768 191 1793 et
219 1763 368 1805 periculis
394 1763 539 1801 subacta,
561 1764 774 1807 experientiae
795 1771 827 1797 et
854 1765 1064 1796 historiarum
1089 1764 1159 1793 luce
1175 1762 1376 1800 collustrata,
1399 1762 1494 1792 nobis
1510 1772 1604 1793 mon-

123 1831 138 1847 «
160 1825 245 1850 strat.
293 1818 376 1850 Haec
398 1820 597 1852 nobilissima
621 1822 721 1854 animi
743 1823 807 1861 vis,
834 1821 1039 1853 inferioribus
1060 1819 1263 1852 facultatibus
1287 1819 1465 1862 imperans,
1500 1819 1606 1850 notio»

122 1886 138 1902 α
161 1883 217 1906 nes
244 1885 284 1906 ex
320 1885 402 1907 veris
433 1876 579 1910 fontibus
604 1878 732 1911 haustas
759 1879 978 1912 accuratisime
1005 1879 1087 1909 inter
1122 1887 1156 1909 se
1187 1875 1398 1915 conserendo,
1421 1875 1605 1907 similitudi·

1511 1945 1525 1961 α
1549 1942 1606 1964 nes

161 2002 227 2042 (¹⁸)
247 2003 309 2034 Fa.
340 2014 535 2037 uorFMAN
550 2015 592 2035 Ni
620 2005 704 2039 Med.
724 2007 799 2040 Rae.
821 2009 940 2046 System.
963 2007 1041 2036 Tom
1062 2006 1085 2036 Ι.
1108 2005 1180 2041 Cap.
1204 2003 1268 2041 VI,
1289 2004 1320 2041 §.
1340 2003 1447 2032 XXIII.
1467 2010 1535 2039 pag.
1555 2002 1602 2038 38.

1594 2106 1604 2119 9
