1913 2427
330 125 814 158 DISSERTATIO
878 127 1416 161 PHILOSOPHICA'.
1588 128 1630 161 53

115 235 135 254 „
150 214 318 245 acerbitatis
340 222 416 244 suae.
458 214 557 250 Atque
580 213 636 242 hoc
661 212 782 241 maxime
801 212 997 250 judicaretur,
1027 214 1053 243 si
1083 214 1163 250 quod
1191 216 1246 244 tale
1273 215 1369 251 possit
1392 215 1573 253 contingere,
1595 222 1628 246 ut

114 286 135 304 ,,
153 265 259 302 aliquis
280 274 336 294 nos
357 265 427 293 deus
451 273 485 293 ex
511 266 562 293 hac
584 264 734 293 hominum
755 261 916 299 frequentia
939 266 1071 301 tolleret,
1099 272 1127 295 et
1150 266 1180 295 in
1204 267 1363 297 solitudine
1394 267 1505 303 uspiam
1532 269 1625 297 collo-

114 335 134 354 „
153 321 246 352 caret,
273 323 359 353 atque
384 316 425 344 ibi
450 316 638 352 suppeditans
656 315 787 345 omnium
811 323 926 350 rerum,
955 325 1025 352 quas
1052 325 1152 346 natura
1183 317 1337 353 desiderat,
1366 318 1568 346 abundantiam
1600 326 1628 348 et

114 388 134 406 „
153 369 286 405 copiam,
309 368 434 397 hominis
459 369 578 397 omnino
593 368 771 405 adspiciendi
795 374 966 403 potestatem
987 368 1123 404 eriperet,
1150 370 1218 405 quis
1245 376 1301 398 tam
1332 376 1406 399 esset
1429 368 1553 405 ferreus,
1575 370 1628 406 qui

114 439 134 457 „
153 429 212 449 eam
234 421 320 449 vitam
343 420 415 448 ferre
439 427 558 456 posset,
586 419 692 455 cuique
717 427 776 448 non
799 418 922 447 auferret
950 419 1075 448 fructum
1107 422 1290 458 voluptatum
1323 422 1450 450 omnitun
1481 421 1628 450 solitudo‘z³

113 492 134 509 „
153 473 260 502 Verum
284 481 350 509 ergo
374 472 446 501 illud
461 479 523 508 est,
550 472 629 508 quod
650 479 666 499 a
691 470 849 499 Tarentino
879 471 1031 508 Archyta,
1059 479 1090 500 ut
1114 473 1239 509 opinor,
1267 473 1324 502 dici
1347 474 1485 509 solitum,
1512 480 1631 503 nostros

117 544 136 561 „
155 532 237 553 senes
263 532 483 552 commemorare
504 523 621 558 audivi,
646 522 686 562 'ab
705 521 768 550 aliis
799 521 921 551 senibus
945 522 1092 551 auditum:
1123 524 1147 551 si
1169 524 1236 560 quis
1268 524 1297 553 in
1330 525 1443 553 coelum
1469 524 1636 554 adscendis-

114 595 134 612 „
154 582 215 610 set,
244 582 433 612 naturamque
456 575 555 604 mundi
581 581 615 603 ret
638 572 884 611 pulchritudinem
908 573 1032 602 siderum
1064 575 1276 611 perspexisset,
1303 576 1450 605 insuavem
1481 576 1559 605 illam
1583 576 1633 605 ad-

113 646 133 663 „
153 627 332 656 mirationem
355 627 381 656 ei
408 626 490 662 fore,
517 635 591 661 quae
610 624 800 662 jucudissima
829 623 952 659 fuisset,
978 625 1002 653 si
1026 625 1168 661 aliquem,
1194 627 1240 654 cui
1265 635 1407 663 narraret,
1436 627 1596 656 habuisset.
1611 626 1632 639 ’'

111 678 172 716 (de
197 679 292 707 Amic.
315 687 343 708 c.
365 679 419 716 3.)
461 698 478 712 „
499 678 646 716 Quodque
673 685 756 705 nemo
785 676 816 704 in
844 684 956 704 summa
990 675 1147 705 solitudIne
1177 678 1264 707 vitam
1295 687 1374 715 agere
1398 679 1488 714 velit,
1513 687 1548 707 ne
1565 687 1634 709 cum

114 749 134 766 „
153 729 266 758 infinita
283 730 398 765 quidem
423 730 606 766 voluptatum
627 727 819 762 abundant1a‚
840 726 926 756 facile
948 727 1138 764 intelligitur,
1165 738 1219 758 nos
1246 731 1280 759 ad
1307 731 1542 768 conjunctionem
1566 739 1638 770 con·

101 799 134 818 ⁴„
153 781 403 818 gregationemque
424 781 593 816 hominurn,
614 787 641 808 et
654 780 691 809 ad
704 779 861 808 naturalem
886 779 1141 816 communitatem,
1166 790 1228 810 esse
1250 788 1345 811 natos.
1386 782 1635 820 Quemadmodum

114 852 136 869 „
155 832 290 861 membris
311 833 419 861 utimur
442 833 545 869 prius,
565 841 651 868 quam
676 831 848 866 didicimus,
869 831 954 867 cujus
979 839 1009 859 ea
1033 832 1168 861 utilitatis
1185 841 1270 861 eausa
1293 832 1471 870 habeamus;
1491 833 1534 862 sic
1560 833 1634 862 inter

115 902 135 918 „
154 891 209 912 nos
231 890 332 911 natura
353 884 389 912 ad
409 884 521 911 civilem
545 883 778 912 communitatem
801 882 952 920 conjuncti
971 889 999 910 et
1023 884 1185 913 consociati
1209 892 1321 913 sumus.
1363 885 1454 922 Quod
1475 885 1505 914 ni
1532 885 1571 913 ita
1599 893 1631 914 se

115 953 135 970 „
156 934 362 971 haberet„,nec
384 935 513 971 ¹iustitiae
529 936 607 963 ullus
631 942 724 970 esset,
746 943 797 963 nec
816 934 960 970 bonitati,
985 936 1079 965 locus.
1120 936 1159 964 Et
1177 943 1267 964 cetera
1289 929 1393 973 putant
1414 935 1554 974 (Stoici)
1569 942 1636 966 nata

114 1004 134 1022 „
147 993 217 1014 -esse
236 986 392 1022 ¹hominum
417 995 523 1022 causa,
545 996 594 1016 eos
614 993 706 1016 autern
727 986 943 1016 communitatis
960 993 987 1015 et
1007 987 1152 1016 societatis
1169 996 1249 1016 suae.
1269 1003 1302 1009 -
1323 987 1526 1025 Quoniamque
1541 995 1570 1015 ea
1586 995 1637 1019 na·-

112 1056 133 1074 2,
153 1043 216 1066 tura
245 1044 320 1071 esset
350 1037 496 1073 hominis,
522 1045 555 1066 ut
577 1038 602 1067 ei
625 1047 690 1066 cum
719 1046 818 1075 genere
849 1038 978 1067 humano
1002 1039 1085 1077 quasi
1115 1039 1202 1067 civile
1224 1040 1273 1076 jus
1299 1039 1500 1076 intercederet3
1531 1039 1585 1075 qui
1605 1039 1637 1067 id

115 1107 134 1125 ‚0
154 1095 359 1124 conservaret,
377 1098 440 1118 eum
453 1090 587 1131 justum,
609 1089 661 1125 qui
678 1089 830 1126 migraret,
851 1089 992 1127 injustum
1018 1089 1091 1119 fore.
1131 1091 1187 1119 Sed
1204 1091 1466 1128 quemadmodum,
1493 1090 1636 1120 theatrum

117 1158 137 1176 „
157 1147 223 1168 cum
253 1148 406 1169 commune
424 1141 480 1177 sit,
503 1147 577 1170 recte
602 1148 695 1169 tamen
721 1141 778 1169 dici
801 1146 918 1176 potest,
940 1142 1001 1178 ejus
1023 1150 1087 1171 esse
1110 1150 1176 1170 eum
1198 1143 1316 1180 locum,
1339 1150 1424 1178 quern
1439 1141 1568 1178 quisque
1586 1149 1644 1178 oc·-

116 1211 137 1228 „
156 1193 286 1229 cuparit:
309 1193 372 1228 sic,
394 1192 424 1221 in
441 1193 510 1222 urbe
531 1194 675 1222 mundove
691 1192 856 1227 communi,
875 1200 935 1220 non
951 1193 1119 1221 adversatur
1133 1194 1203 1230 jus,
1223 1193 1381 1230 quominus
1402 1201 1488 1227 suum
1506 1193 1638 1229 quidque

115 1262 136 1279 „
155 1243 298 1280 cujusque
324 1244 394 1289 sit..
423 1244 500 1273 Cum
525 1251 644 1280 autem,
667 1246 702 1274 ad
722 1247 845 1275 tuendos
869 1247 1143 1283 conservandosque
1173 1248 1302 1276 homines
1320 1268 1331 1282 ,
1358 1247 1504 1288 hominem
1537 1253 1637 1275 natum

115 1316 135 1333 ,‚
153 1305 216 1331 esse
233 1297 403 1333 videamus,
428 1305 651 1333 consentaneum
672 1304 716 1326 est
731 1298 806 1328 huic,
818 1304 957 1332 naturae,
986 1305 1018 1327 ut
1039 1298 1155 1335 sapiens
1173 1299 1245 1328 velit
1266 1307 1359 1336 gerere
1384 1305 1413 1327 et
1438 1298 1637 1329 administrare

115 1367 137 1385 „
153 1354 243 1384 remp.
256 1369 267 1384 ,
288 1355 394 1384 atque,
418 1355 452 1377 ut
475 1357 490 1376 e
514 1355 614 1378 natura
636 1349 735 1385 vivat,
754 1358 871 1385 uxorem
895 1351 1066 1387 adjungere,
1087 1358 1114 1380 et
1129 1352 1201 1381 velle
1222 1359 1255 1380 ex
1274 1360 1304 1381 ea
1329 1351 1444 1381 liberos.
1454 1351 1473 1364 ”
1494 1351 1553 1387 (de
1568 1352 1636 1380 Fin.

118 1415 140 1433 ,‚
156 1397 206 1431 111,
229 1399 302 1436 πο.)
341 1419 366 1434 ,‚
387 1399 529 1428 Pertinere
550 1406 642 1428 autem
663 1401 698 1428 ad
713 1409 770 1429 rem
782 1400 979 1437 arbitrantur,
998 1402 1143 1439 intelligi,
1162 1410 1264 1432 natura
1283 1404 1360 1438 fieri,
1383 1410 1416 1432 ut
1444 1401 1527 1430 liberi
1549 1410 1565 1430 a
1590 1409 1640 1437 pa·

118 1469 138 1485 „
157 1449 288 1478 rentibus
309 1456 462 1487 amentur3.
488 1459 503 1479 a
525 1459 582 1485 quo
607 1450 691 1480 initio
713 1451 871 1487 profectam
902 1461 1084 1483 communem
1114 1454 1230 1482 humani
1253 1454 1366 1490 generis
1389 1452 1552 1482 societatem
1579 1461 1643 1488 per.-

118 1521 137 1539 „
157 1509 331 1538 sequuntur.
371 1503 460 1541 Quod
487 1503 611 1540 primum
641 1505 764 1542 intelligi
795 1505 878 1534 debet
908 1506 999 1542 figura
1034 1504 1227 1541 membrisque
1262 1513 1416 1541 corporum
1434 1526 1445 1541 ,
1473 1513 1547 1541 quae
1577 1504 1641 1540 ipsa

117 1573 138 1590 „
155 1554 317 1588 declarant,
338 1555 506 1589 procreandi
523 1563 539 1583 a
557 1562 658 1585 natura
676 1556 804 1586 habitam
826 1566 888 1586 esse
911 1557 1059 1586 rationem?
1101 1557 1205 1592 Neque
1231 1564 1300 1584 vero
1325 1556 1392 1584 haec
1421 1556 1494 1584 inter
1518 1564 1549 1585 se
1571 1562 1642 1583 con·

117 1623 141 1641 ,,
158 1612 258 1644 gruere
279 1612 416 1641 possent:
440 1613 473 1634 ut
497 1613 598 1635 natura
622 1615 663 1640 et,
679 1609 821 1643 procreari
845 1609 930 1637 vellet
951 1615 978 1636 et
999 1607 1080 1644 diligi
1102 1614 1271 1644 procreatos
1294 1616 1353 1636 non
1377 1613 1501 1636 curaret.
1541 1606 1641 1641 Atque

116 1674 136 1693 „
156 1655 238 1685 etiam
262 1656 291 1685 in
313 1657 416 1686 bestiis
440 1657 485 1686 vis
504 1665 620 1687 naturae
650 1658 755 1695 inspici
779 1666 896 1696 potest,
927 1667 1047 1695 quarum
1081 1659 1110 1688 in
1145 1658 1225 1687 foetu
1257 1665 1284 1687 et
1316 1658 1484 1687 eiucatione
1512 1657 1638 1687 laborem

119 1727 137 1745 „
155 1717 224 1737 cum·
244 1708 404 1743 cernimus,
425 1715 540 1738 naturae
554 1709 648 1746 ipsius
663 1719 764 1739 vocem
785 1710 917 1740 videmur
933 1711 1047 1745 audire;
1070 1726 1108 1731 -—
1129 1710 1253 1746 itemque
1274 1709 1430 1745 formicae,
1454 1717 1541 1745 apes,
1562 1708 1641 1737 cico-

117 1779 137 1795 „
156 1759 237 1794 niae,
265 1759 386 1788 aliorum
401 1761 482 1789 etiam
504 1769 588 1789 causa
611 1762 751 1798 quaedam
772 1762 901 1799 faciunt;
923 1763 1015 1792 multo
1031 1761 1119 1799 magIs
1142 1762 1210 1791 hacc
1233 1762 1403 1799 conjunctio
1425 1767 1469 1790 est
1491 1759 1637 1789 hominis:

119 1829 138 1844 ‚‚
157 1810 253 1846 itaque
273 1818 372 1840 natura
399 1820 501 1842 sumus
524 1813 583 1849 apti
612 1814 647 1841 ad
667 1821 788 1850 coetus,
816 1814 962 1848 concilia,
984 1813 1125 1842 civitates.
1169 1813 1317 1842 Mundum
1331 1819 1423 1841 autem
1443 1817 1560 1840 censent
1578 1810 1639 1847 regi

118 1881 138 1896 „
155 1861 271 1890 numine
292 1862 442 1898 Deorum,
461 1872 585 1900 eumque
602 1872 666 1893 esse
686 1864 770 1901 quasi
794 1873 975 1894 communem
999 1864 1099 1892 urbem
1125 1870 1154 1892 et
1171 1864 1316 1893 civitatem
1341 1864 1491 1893 hominum
1512 1869 1540 1892 et
1563 1863 1640 1891 Deo-

120 1931 139 1948 „
158 1921 240 1948 rum,
261 1920 288 1942 et
311 1922 546 1952 unumquemque
569 1923 700 1945 nostrum
723 1917 785 1953 ejus
807 1916 907 1945 mundi
927 1923 989 1944 csse
1013 1921 1118 1952 partem
1131 1924 1141 1942 :v
1169 1923 1203 1944 ex
1223 1924 1283 1952 quo
1316 1915 1388 1944 illud
1413 1921 1513 1944 natura
1538 1921 1639 1943 conse-

119 1983 140 2001 „
158 1963 231 2001 qui,
251 1971 282 1994 ut
308 1973 487 1996 communem
511 1967 664 1998 utilitatem
692 1975 810 1998 nostrae
829 1973 1052 2021 anteponamus)
1088 1966 1131 1996 Ut
1155 1966 1229 1997 enim
1260 1969 1336 2005 leges
1363 1966 1491 2000 onmium
1517 1966 1636 1995 salutem

949 2016 978 2046 G
1002 2025 1017 2054 3
1582 2014 1643 2050 551·
