1913 2427
352 131 827 165 DISSERTATIO
894 132 1435 170 PHILOSOPHICA.
1606 147 1650 181 29

123 221 211 252 verba
239 221 332 251 facere
353 228 413 249 non
440 228 559 257 possum
588 219 659 256 quin
681 218 728 247 hie
757 218 933 257 adscribam:
970 241 988 256 ‚‚
1007 221 1087 260 Quid
1109 221 1140 251 in
1162 222 1286 260 singulis
1315 223 1521 260 philosophiae
1549 224 1637 260 parti.

127 293 145 309 ,,
166 274 221 303 bus
242 272 328 301 Plato
349 271 488 307 senserit,
510 272 538 299 id
561 278 624 306 est,
646 271 695 299 ubi
724 270 807 299 finem
830 270 958 299 omnium
979 273 1146 309 actionum,
1168 274 1217 303 ubi
1238 284 1351 305 causam
1373 275 1502 304 omnium
1526 283 1640 304 natura-

123 344 144 360 „
162 333 244 359 rum,
267 324 316 352 ubi
333 324 428 352 lumen
451 323 577 352 omnium
596 322 757 358 rationum,
783 330 847 361 esse
863 324 1051 360 cognoverit,
1072 326 1116 354 vel
1140 327 1307 363 crediderit,
1330 327 1496 356 disserendo
1514 327 1639 363 explica-

120 397 141 412 „
162 385 190 405 re
215 383 242 404 et
266 376 386 413 longum
412 383 474 404 esse
498 375 637 410 arbitror,
666 381 693 402 et
723 381 826 402 temere
857 382 921 403 esse
946 376 1139 406 affirmandum
1171 386 1230 407 non
1260 379 1394 407 arbitror.
1435 379 1533 417 Quum
1560 379 1638 407 enim

120 447 140 464 ,‚
161 428 289 465 magistri
311 428 357 456 sui
378 427 525 462 Socratis,
558 435 641 462 quem
664 425 734 454 facit
760 426 790 454 in
814 427 874 455 suis
899 428 1097 459 voluminibus
1119 431 1333 467 disputantem,
1361 431 1546 460 notissimum
1574 440 1638 460 mo·

121 499 139 515 ,‚
159 487 216 508 rem
237 478 458 507 dissimulandae
474 478 610 507 scientiae
628 479 673 506 vel
692 478 839 514 opinionis
859 487 947 514 suae,
975 488 1088 510 servare
1106 481 1238 517 affectat,
1268 482 1335 518 quia
1357 489 1385 511 et
1415 482 1472 519 ipsi
1495 484 1544 511 ille
1570 491 1635 512 mos

122 551 140 567 „
159 530 287 567 placuit,
309 529 417 558 sactum
438 536 502 564 est,
532 536 564 558 ut
585 529 669 558 etiam
696 529 791 566 ipsius
814 529 949 559 Platonis
970 531 1004 560 de
1025 532 1111 561 rebus
1140 533 1251 569 maguis
1281 534 1435 562 sententiae
1464 542 1524 562 non
1550 532 1635 562 facile

121 603 142 619 ,‚
160 582 285 620 perspici
316 583 444 619 possim.
455 582 474 594 '²
520 582 584 620 Qua
610 582 639 610 in
666 590 714 617 re,
742 587 775 610 ut
807 581 836 611 in
865 583 953 616 aliis,
983 582 1087 619 (quod
1115 589 1237 613 testatur
1264 584 1322 622 Ep.
1349 584 1390 612 ad
1417 585 1500 614 Fam.
1531 584 1554 613 Ι.
1583 586 1637 621 9.)

119 635 218 665 Ct'cero
238 634 417 663 veliementer
437 634 588 662 Platomm
609 639 728 661 secutus
753 639 815 669 est,
843 633 947 670 (conf.
971 633 1102 671 Quintil.
1127 634 1155 664 I.
1178 635 1214 664 O.
1234 635 1271 664 X.
1296 637 1347 671 1.)
1375 635 1520 670 nobisque
1539 635 1637 663 curio-

117 686 180 721 sis,
200 693 227 715 et
249 686 340 721 scire,
363 686 433 721 quid
455 692 574 714 secutus
591 685 693 720 fuerit,
715 685 921 722 cupientibus,
943 685 1109 722 improbans
1125 686 1275 723 respondit
1298 685 1354 722 (de
1372 686 1452 714 Nat.
1476 686 1519 714 D.
1540 686 1564 714 1.
1583 688 1637 722 5.)

117 737 198 766 hisce
215 737 328 766 verbis:
372 758 390 772 „
412 737 472 774 Qui
492 736 664 773 requirunt,
686 736 757 772 quid
775 745 890 773 quaque
912 738 946 766 de
960 746 989 766 re
1005 738 1062 774 ipsi
1082 738 1261 773 sentiamus,
1282 738 1432 767 curiosius
1453 738 1483 766 id
1502 737 1637 772 faciunt,

119 809 139 825 „
159 797 244 825 quam
267 796 382 817 necesse
403 796 462 816 est:
485 796 545 816 non
565 788 639 816 enim
661 793 718 816 tarn
742 789 922 818 auctoritatis
947 789 978 817 in
997 789 1193 825 disputando,
1224 797 1309 825 quam
1334 789 1470 824 rationis,
1491 796 1636 818 momenta

118 860 138 876 „
157 840 314 876 quaerenda
337 846 425 876 sunt;
451 839 524 875 quin
545 840 629 868 etiam
654 840 738 868 obest
765 842 937 879 plerumque
965 841 1021 876 iis,
1048 840 1100 876 qui
1123 841 1232 870 discere
1256 842 1379 876 volunt,
1409 841 1565 870 auctoritas
1585 849 1636 869 eo-

118 911 138 928 „
157 899 238 926 rum,
261 890 312 927 qui
337 899 368 919 se
389 891 704 929 docererprofitentur:
734 892 870 922 desinunt
901 893 977 921 euim
1006 901 1090 921 suum
1120 893 1262 929 J'udicium
1294 892 1441 923 adhibere:
1472 892 1501 921 id
1530 892 1637 921 habent

118 963 137 979 „
156 948 269 977 ratum,
298 943 378 977 quod
400 942 434 970 ab
462 951 515 978 eo,
542 951 626 978 quem
651 943 795 979 probant,
821 943 981 981 judicatum
1008 943 1143 973 vident.⁷’
1183 944 1229 972 Ex
1257 944 1365 980 quibus
1396 943 1479 973 facile
1502 943 1637 982 intelligi-

115 999 182 1029 tur,
204 993 365 1022 Ciceronem
386 994 494 1029 nobis,
516 993 608 1022 invito
632 994 714 1030 ipso,
743 997 913 1023 sententiam
935 1004 1015 1023 suam
1044 995 1277 1031 requirentibus,
1306 996 1391 1024 nullo
1414 995 1501 1024 modo
1523 995 1635 1024 uberta-

115 1051 172 1074 tem
196 1047 368 1082 copiamque
397 1044 570 1073 indiciorum
598 1053 830 1081 praeparaturum
857 1046 974 1082 fuisse,
999 1055 1032 1075 ex
1053 1047 1161 1083 quibus
1185 1048 1306 1084 proinde
1334 1047 1440 1083 facile,
1470 1048 1540 1084 quid
1564 1048 1634 1076 veli·

116 1105 203 1136 gnus,
224 1096 394 1126 efficiamus:
419 1097 469 1126 sed
485 1097 599 1132 parvis,
628 1097 675 1125 hic
694 1104 780 1133 atque
803 1098 861 1126 illic
879 1098 1036 1134 respersis,
1059 1098 1195 1135 igniculis
1213 1099 1361 1134 contenti,
1388 1108 1421 1128 ex
1439 1099 1474 1128 iis
1495 1099 1632 1136 colligere

114 1156 271 1184 conemur,
301 1149 445 1184 quodnam
466 1148 565 1185 agendi
589 1148 767 1184 Principium
793 1148 834 1177 ita
857 1149 1008 1185 probabile
1031 1150 1162 1179 Ciceroni
1186 1151 1274 1180 videri
1303 1151 1448 1187 potuerit,
1478 1158 1511 1180 ut
1533 1161 1565 1181 eo
1589 1152 1634 1180 vi-

114 1207 172 1230 tam
203 1202 342 1238 sapientis
374 1202 431 1239 regi
462 1210 551 1239 posse
577 1202 786 1231 constitueret:
815 1203 902 1239 idque
924 1203 1072 1232 inventum
1091 1202 1264 1232 accuratiori
1285 1203 1421 1240 deinceps
1444 1203 1644 1240 explicationi*

113 1260 202 1290 atque
220 1253 343 1283 examini
367 1253 566 1291 subjiciamus.

151 1304 233 1343 Quae
256 1305 303 1334 hic
323 1306 353 1334 in
376 1314 493 1336 censum
523 1308 620 1336 venire
643 1315 772 1345 possunt
796 1308 970 1344 sententiae,
999 1315 1144 1344 tamquam
1172 1305 1248 1336 inter
1271 1316 1344 1344 quas
1370 1306 1515 1337 Ciceronis
1530 1308 1634 1337 diffici-

113 1356 168 1386 lior
189 1362 216 1385 et
236 1358 387 1394 angustior
406 1359 489 1395 optio
508 1358 612 1396 fuerit,
635 1368 706 1389 sunt
729 1360 800 1389 fines
824 1362 1013 1397 Stoicorum,
1034 1367 1160 1389 veterum
1183 1360 1421 1388 Academicorum
1443 1366 1470 1388 et
1488 1360 1631 1395 Peripate-

112 1406 258 1444 ficorum,
280 1409 315 1437 de
335 1408 371 1437 iis
390 1409 473 1438 unice
497 1410 555 1439 fere
574 1411 628 1439 sub
657 1412 754 1449 judice
781 1413 818 1442 lis
843 1420 905 1448 est3
935 1418 1041 1441 ceteras
1070 1417 1165 1447 aperte
1192 1410 1289 1447 rejecit
1316 1410 1445 1447 Tullius‚·
1470 1412 1556 1448 cujus
1590 1410 1633 1440 rei

113 1457 253 1487 classicus
277 1465 321 1488 est
342 1459 426 1489 locus
449 1461 483 1489 de
505 1461 572 1492 Fin.
596 1462 631 1492 11.
657 1472 704 1492 12.
745 1463 928 1492 Enumeratis
951 1469 979 1490 et
999 1461 1147 1490 recensitis
1167 1468 1250 1489 antea
1279 1461 1364 1490 variis
1387 1462 1421 1490 de
1447 1461 1555 1491 finibus
1577 1462 1634 1491 bo·

115 1518 219 1540 norum
253 1511 413 1547 doctrinis,
453 1514 574 1549 „ratio,
607 1513 723 1550 inquit,
753 1514 879 1544 adhibita
909 1514 1033 1550 primurn
1067 1511 1228 1542 divinarum
1259 1520 1351 1540 rerum
1386 1513 1633 1550 humanarumque

115 1583 134 1599 „
153 1562 291 1599 scientia3
314 1563 414 1592 deinde
439 1564 584 1600 adjunctis
607 1565 786 1602 virtutibus,
817 1575 888 1602 quas
913 1574 1005 1595 rerum
1028 1565 1158 1593 omnium
1185 1564 1315 1593 dominas
1336 1573 1398 1594 esse
1416 1565 1530 1600 voluit,
1557 1572 1632 1594 cete·

116 1623 200 1650 „ras
223 1615 337 1650 quidem
358 1623 457 1644 omnes
481 1616 605 1653 rejiciet,
627 1626 678 1646 nec
702 1619 726 1646 ei
753 1618 810 1646 ulla
831 1619 867 1647 de
886 1626 999 1647 summo
1021 1617 1099 1645 bono
1121 1615 1212 1650 ratio,
1233 1622 1281 1643 aut
1301 1617 1480 1652 voluptatis,
1502 1625 1561 1646 non
1578 1618 1632 1651 do-

117 1685 136 1701 „
156 1665 268 1694 lendive
296 1667 459 1703 particeps,
487 1674 537 1696 aut
564 1668 726 1698 honestatis
755 1678 876 1706 expers,
905 1669 1083 1706 probabatur.
1099 1667 1118 1680 ’³
1139 1666 1242 1703 (conf.
1269 1667 1305 1695 de
1332 1668 1399 1696 Fixa.
1422 1667 1462 1696 V.
1482 1677 1509 1702 7.
1531 1670 1557 1698 8.
1580 1676 1630 1705 25.

114 1715 195 1747 Tusc.
217 1717 257 1755 Q.
281 1718 319 1747 V.
343 1727 388 1755 30.
409 1727 477 1755 sqq.
499 1719 533 1747 dc
550 1719 626 1757 Offic.
652 1723 671 1749 1.
694 1725 747 1757 2.)
775 1722 899 1759 Quidde
918 1722 1046 1758 Epicuro
1061 1718 1204 1748 censuerit
1227 1718 1345 1753 Cicero,
1373 1725 1432 1747 tum
1454 1719 1562 1756 ubique
1580 1721 1631 1748 de·

115 1768 222 1797 clarant
240 1778 324 1805 opera
345 1770 571 1806 Philosophica,
592 1778 654 1800 tum
673 1771 821 1808 Epistol-ae
846 1774 908 1810 (ad
926 1774 1009 1801 Fam.
1031 1772 1096 1799 VH.
1117 1780 1160 1800 12.
1188 1770 1266 1798 xm.
1292 1779 1316 1799 1.
1347 1770 1410 1800 XV.
1436 1771 1502 1808 16).
1546 1791 1565 1805 „
1585 1771 1630 1799 lta

119 1839 139 1856 „
158 1818 299 1855 relinquet
318 1821 409 1856 duas,
429 1821 462 1849 de
487 1821 596 1857 quibus
621 1823 705 1852 etiam
727 1830 813 1858 atque
842 1824 924 1852 ctiam
947 1823 1126 1857 consideret,
1155 1830 1204 1850 aut
1223 1822 1295 1850 enim
1317 1828 1440 1857 statuet,
1470 1821 1542 1851 nihil
1564 1830 1630 1852 esse

119 1891 139 1908 „
159 1870 285 1908 bonum,
306 1871 363 1900 nisi
387 1872 567 1909 honestum,
596 1874 670 1902 nihil
700 1875 826 1909 mal-m,
853 1875 908 1903 nm
931 1882 1033 1911 turps,
1064 1881 1152 1902 cetera
1182 1880 1275 1902 autem
1309 1873 1403 1901 omnia
1429 1873 1500 1902 nihil
1529 1873 1633 1902 habere

120 1942 139 1958 „
158 1923 315 1958 momenti,
335 1929 383 1952 aut
405 1930 535 1960 tantum,
565 1933 597 1954 ut
616 1935 665 1955 nee
688 1929 862 1963 expctcn'a,
889 1936 937 1955 nec
966 1926 1118 1958 l‘uuierrla,
1140 1926 1188 1953 sed
1213 1925 1339 1959 eligenda
1365 1925 1468 1960 modo,
1496 1931 1543 1952 aut
1567 1924 1633 1961 req‘i-

120 1993 140 2012 ,
157 1974 254 2004 cienda
286 1973 363 2005 sint:
388 1982 437 2005 aut
461 1983 616 2014 anteponet
636 1986 718 2015 eam,
745 1988 831 2016 quam
854 1988 918 2008 cum
947 1983 959 2005 ll
979 1986 1094 2006 masau:
1114 1977 1344 2013 oruuissiinaui,
1367 1982 1427 2006 trun
1454 1975 1538 2005 etiam
1558 1974 1632 2010 ipsis

936 2032 959 2059 ἢ)
982 2039 995 2057 ’.τ
1576 2032 1637 2055 2111·
