<?xml version="1.0" encoding="UTF-8"?>
<!DOCTYPE html PUBLIC "-//W3C//DTD XHTML 1.0 Transitional//EN"
    "http://www.w3.org/TR/xhtml1/DTD/xhtml1-transitional.dtd">
<html xmlns="http://www.w3.org/1999/xhtml" xml:lang="en" lang="en">
 <head>
  <title>
</title>
<meta http-equiv="Content-Type" content="text/html;charset=utf-8" />
  <meta name='ocr-system' content='tesseract 3.04.00' />
  <meta name='ocr-capabilities' content='ocr_page ocr_carea ocr_par ocr_line ocrx_word'/>
</head>
<body>
  <div class='ocr_page' id='page_1' title='image "annalesacademiae17rijk_0520.png"; bbox 0 0 1913 2427; ppageno 0'>
   <div class='ocr_carea' id='block_1_1' title="bbox 211 130 1347 181">
    <p class='ocr_par' dir='ltr' id='par_1_1' title="bbox 211 130 1347 181">
     <span class='ocr_line' id='line_1_1' title="bbox 211 130 1347 181; baseline 0.009 -24"><span class='ocrx_word' id='word_1_1' title='bbox 211 136 263 181; x_wconf 41' lang='grc' dir='ltr'>ἦ).</span> <span class='ocrx_word' id='word_1_2' title='bbox 517 132 872 167; x_wconf 57' lang='grc' dir='ltr'>ψῬ-ΕΤΒῙ</span> <span class='ocrx_word' id='word_1_3' title='bbox 955 130 1347 173; x_wconf 65' lang='lat' dir='ltr'>naMRER&#39;</span> 
     </span>
    </p>
   </div>
   <div class='ocr_carea' id='block_1_2' title="bbox 209 218 1735 932">
    <p class='ocr_par' dir='ltr' id='par_1_2' title="bbox 209 218 1735 932">
     <span class='ocr_line' id='line_1_2' title="bbox 251 218 1727 262; baseline 0.001 -10"><span class='ocrx_word' id='word_1_4' title='bbox 251 224 333 262; x_wconf 87' lang='lat' dir='ltr'><strong>Quae</strong></span> <span class='ocrx_word' id='word_1_5' title='bbox 355 221 482 259; x_wconf 86' lang='lat' dir='ltr'>exempla</span> <span class='ocrx_word' id='word_1_6' title='bbox 502 221 579 251; x_wconf 84' lang='lat' dir='ltr'>haud</span> <span class='ocrx_word' id='word_1_7' title='bbox 601 229 699 258; x_wconf 85' lang='lat' dir='ltr'>parum</span> <span class='ocrx_word' id='word_1_8' title='bbox 723 228 790 250; x_wconf 84' lang='lat' dir='ltr'>sane</span> <span class='ocrx_word' id='word_1_9' title='bbox 816 221 892 249; x_wconf 89' lang='lat' dir='ltr'>inter</span> <span class='ocrx_word' id='word_1_10' title='bbox 913 227 944 247; x_wconf 93' lang='lat' dir='ltr'>se</span> <span class='ocrx_word' id='word_1_11' title='bbox 966 218 1088 256; x_wconf 85' lang='lat' dir='ltr'>distare,</span> <span class='ocrx_word' id='word_1_12' title='bbox 1117 228 1201 250; x_wconf 89' lang='lat' dir='ltr'>nemo</span> <span class='ocrx_word' id='word_1_13' title='bbox 1230 220 1410 251; x_wconf 82' lang='lat' dir='ltr'>infitiabitur.</span> <span class='ocrx_word' id='word_1_14' title='bbox 1449 221 1596 261; x_wconf 76' lang='lat' dir='ltr'><strong>Quaenam</strong></span> <span class='ocrx_word' id='word_1_15' title='bbox 1630 222 1727 259; x_wconf 77' lang='lat' dir='ltr'>itaque</span> 
     </span>
     <span class='ocr_line' id='line_1_3' title="bbox 212 272 1727 312; baseline 0.001 -8"><span class='ocrx_word' id='word_1_16' title='bbox 212 277 242 305; x_wconf 90' lang='lat' dir='ltr'>in</span> <span class='ocrx_word' id='word_1_17' title='bbox 264 274 409 312; x_wconf 85' lang='lat' dir='ltr'>prioribus</span> <span class='ocrx_word' id='word_1_18' title='bbox 434 273 492 302; x_wconf 89' lang='lat' dir='ltr'>illis</span> <span class='ocrx_word' id='word_1_19' title='bbox 519 273 654 302; x_wconf 61' lang='lat' dir='ltr'>Vonrlelii</span> <span class='ocrx_word' id='word_1_20' title='bbox 675 273 812 310; x_wconf 85' lang='lat' dir='ltr'>operibus</span> <span class='ocrx_word' id='word_1_21' title='bbox 836 272 994 308; x_wconf 82' lang='lat' dir='ltr'>vitiorum,</span> <span class='ocrx_word' id='word_1_22' title='bbox 1022 272 1209 308; x_wconf 77' lang='lat' dir='ltr'>praestantiae</span> <span class='ocrx_word' id='word_1_23' title='bbox 1231 272 1261 302; x_wconf 91' lang='lat' dir='ltr'>in</span> <span class='ocrx_word' id='word_1_24' title='bbox 1282 272 1403 309; x_wconf 89' lang='lat' dir='ltr'>ceteris,</span> <span class='ocrx_word' id='word_1_25' title='bbox 1433 282 1533 304; x_wconf 74' lang='lat' dir='ltr'>caussa</span> <span class='ocrx_word' id='word_1_26' title='bbox 1553 282 1597 304; x_wconf 87' lang='lat' dir='ltr'>est</span> <span class='ocrx_word' id='word_1_27' title='bbox 1622 276 1727 305; x_wconf 89' lang='lat' dir='ltr'>haben-</span> 
     </span>
     <span class='ocr_line' id='line_1_4' title="bbox 214 324 1728 362; baseline 0 -6"><span class='ocrx_word' id='word_1_28' title='bbox 214 327 272 356; x_wconf 73' lang='lat' dir='ltr'>da?</span> <span class='ocrx_word' id='word_1_29' title='bbox 312 326 401 355; x_wconf 88' lang='lat' dir='ltr'>Nulla</span> <span class='ocrx_word' id='word_1_30' title='bbox 418 325 472 354; x_wconf 85' lang='lat' dir='ltr'>alia</span> <span class='ocrx_word' id='word_1_31' title='bbox 487 331 581 362; x_wconf 72' lang='lat' dir='ltr'>certe,</span> <span class='ocrx_word' id='word_1_32' title='bbox 607 333 691 361; x_wconf 87' lang='lat' dir='ltr'>quam</span> <span class='ocrx_word' id='word_1_33' title='bbox 708 325 808 361; x_wconf 69' lang='lat' dir='ltr'>poetae</span> <span class='ocrx_word' id='word_1_34' title='bbox 829 324 937 354; x_wconf 77' lang='lat' dir='ltr'>Graeci</span> <span class='ocrx_word' id='word_1_35' title='bbox 958 330 985 353; x_wconf 92' lang='lat' dir='ltr'>et</span> <span class='ocrx_word' id='word_1_36' title='bbox 1007 324 1136 360; x_wconf 71' lang='lat' dir='ltr'>LatIni,</span> <span class='ocrx_word' id='word_1_37' title='bbox 1154 331 1234 353; x_wconf 84' lang='lat' dir='ltr'>antea</span> <span class='ocrx_word' id='word_1_38' title='bbox 1258 332 1318 353; x_wconf 90' lang='lat' dir='ltr'>non</span> <span class='ocrx_word' id='word_1_39' title='bbox 1339 325 1469 362; x_wconf 81' lang='lat' dir='ltr'>cogniti,</span> <span class='ocrx_word' id='word_1_40' title='bbox 1489 325 1589 355; x_wconf 87' lang='lat' dir='ltr'>deinde</span> <span class='ocrx_word' id='word_1_41' title='bbox 1608 335 1676 356; x_wconf 87' lang='lat' dir='ltr'>vero</span> <span class='ocrx_word' id='word_1_42' title='bbox 1699 334 1728 357; x_wconf 81' lang='lat' dir='ltr'>et</span> 
     </span>
     <span class='ocr_line' id='line_1_5' title="bbox 212 376 1730 416; baseline -0.001 -7"><span class='ocrx_word' id='word_1_43' title='bbox 212 379 326 416; x_wconf 84' lang='lat' dir='ltr'>cogniti</span> <span class='ocrx_word' id='word_1_44' title='bbox 350 385 376 407; x_wconf 90' lang='lat' dir='ltr'>et</span> <span class='ocrx_word' id='word_1_45' title='bbox 401 378 555 415; x_wconf 80' lang='lat' dir='ltr'>perspecti.</span> <span class='ocrx_word' id='word_1_46' title='bbox 595 378 739 407; x_wconf 70' lang='lat' dir='ltr'>Auctor-es</span> <span class='ocrx_word' id='word_1_47' title='bbox 763 380 869 414; x_wconf 88' lang='lat' dir='ltr'>hosce,</span> <span class='ocrx_word' id='word_1_48' title='bbox 889 377 1033 414; x_wconf 64' lang='lat' dir='ltr'>plerisque</span> <span class='ocrx_word' id='word_1_49' title='bbox 1056 376 1086 405; x_wconf 88' lang='lat' dir='ltr'>in</span> <span class='ocrx_word' id='word_1_50' title='bbox 1103 377 1208 411; x_wconf 85' lang='lat' dir='ltr'>rebus,</span> <span class='ocrx_word' id='word_1_51' title='bbox 1228 377 1403 413; x_wconf 77' lang='lat' dir='ltr'>provectiori</span> <span class='ocrx_word' id='word_1_52' title='bbox 1418 383 1532 413; x_wconf 67' lang='lat' dir='ltr'>aetate,</span> <span class='ocrx_word' id='word_1_53' title='bbox 1553 378 1664 407; x_wconf 84' lang='lat' dir='ltr'>Noster</span> <span class='ocrx_word' id='word_1_54' title='bbox 1684 385 1730 408; x_wconf 88' lang='lat' dir='ltr'>est</span> 
     </span>
     <span class='ocr_line' id='line_1_6' title="bbox 212 429 1728 467; baseline -0.001 -7"><span class='ocrx_word' id='word_1_55' title='bbox 212 437 341 461; x_wconf 77' lang='lat' dir='ltr'>secutus·</span> <span class='ocrx_word' id='word_1_56' title='bbox 382 430 428 458; x_wconf 85' lang='lat' dir='ltr'>Ex</span> <span class='ocrx_word' id='word_1_57' title='bbox 449 429 548 458; x_wconf 90' lang='lat' dir='ltr'>iisdem</span> <span class='ocrx_word' id='word_1_58' title='bbox 572 429 697 466; x_wconf 79' lang='lat' dir='ltr'>profecit</span> <span class='ocrx_word' id='word_1_59' title='bbox 711 430 745 458; x_wconf 88' lang='lat' dir='ltr'>ad</span> <span class='ocrx_word' id='word_1_60' title='bbox 762 429 1158 467; x_wconf 76' lang='lat' dir='ltr'>argumenti-praestantiam,</span> <span class='ocrx_word' id='word_1_61' title='bbox 1183 429 1262 465; x_wconf 92' lang='lat' dir='ltr'>quod</span> <span class='ocrx_word' id='word_1_62' title='bbox 1282 429 1476 458; x_wconf 75' lang='lat' dir='ltr'>demonstrare</span> <span class='ocrx_word' id='word_1_63' title='bbox 1498 430 1595 458; x_wconf 85' lang='lat' dir='ltr'>eonati</span> <span class='ocrx_word' id='word_1_64' title='bbox 1615 438 1728 459; x_wconf 87' lang='lat' dir='ltr'>sumus.</span> 
     </span>
     <span class='ocr_line' id='line_1_7' title="bbox 213 480 1726 519; baseline -0.001 -7"><span class='ocrx_word' id='word_1_65' title='bbox 213 483 261 512; x_wconf 79' lang='lat' dir='ltr'>Ad</span> <span class='ocrx_word' id='word_1_66' title='bbox 284 481 418 510; x_wconf 87' lang='lat' dir='ltr'>unitatem</span> <span class='ocrx_word' id='word_1_67' title='bbox 445 481 583 517; x_wconf 87' lang='lat' dir='ltr'>temporis</span> <span class='ocrx_word' id='word_1_68' title='bbox 603 487 631 510; x_wconf 88' lang='lat' dir='ltr'>et</span> <span class='ocrx_word' id='word_1_69' title='bbox 652 481 730 516; x_wconf 87' lang='lat' dir='ltr'>loci,</span> <span class='ocrx_word' id='word_1_70' title='bbox 758 483 999 519; x_wconf 29' lang='lat' dir='ltr'>ati-personarum</span> <span class='ocrx_word' id='word_1_71' title='bbox 1020 481 1186 518; x_wconf 78' lang='lat' dir='ltr'>ingenium,</span> <span class='ocrx_word' id='word_1_72' title='bbox 1216 488 1287 516; x_wconf 87' lang='lat' dir='ltr'>quae</span> <span class='ocrx_word' id='word_1_73' title='bbox 1309 480 1338 509; x_wconf 90' lang='lat' dir='ltr'>in</span> <span class='ocrx_word' id='word_1_74' title='bbox 1369 480 1457 509; x_wconf 83' lang='lat' dir='ltr'>nullis</span> <span class='ocrx_word' id='word_1_75' title='bbox 1485 486 1612 509; x_wconf 81' lang='lat' dir='ltr'>accurata</span> <span class='ocrx_word' id='word_1_76' title='bbox 1636 481 1726 516; x_wconf 90' lang='lat' dir='ltr'>adeo,</span> 
     </span>
     <span class='ocr_line' id='line_1_8' title="bbox 212 531 1726 569; baseline -0.001 -6"><span class='ocrx_word' id='word_1_77' title='bbox 212 539 300 569; x_wconf 83' lang='lat' dir='ltr'>atque</span> <span class='ocrx_word' id='word_1_78' title='bbox 319 532 349 561; x_wconf 88' lang='lat' dir='ltr'>in</span> <span class='ocrx_word' id='word_1_79' title='bbox 373 532 515 561; x_wconf 78' lang='lat' dir='ltr'>veteribus</span> <span class='ocrx_word' id='word_1_80' title='bbox 540 532 741 562; x_wconf 75' lang='lat' dir='ltr'>observantur.</span> <span class='ocrx_word' id='word_1_81' title='bbox 788 533 835 562; x_wconf 87' lang='lat' dir='ltr'>Ad</span> <span class='ocrx_word' id='word_1_82' title='bbox 856 534 980 563; x_wconf 80' lang='lat' dir='ltr'>tollenda</span> <span class='ocrx_word' id='word_1_83' title='bbox 1003 532 1168 563; x_wconf 83' lang='lat' dir='ltr'>intermedia</span> <span class='ocrx_word' id='word_1_84' title='bbox 1196 540 1255 561; x_wconf 88' lang='lat' dir='ltr'>non</span> <span class='ocrx_word' id='word_1_85' title='bbox 1281 531 1450 561; x_wconf 85' lang='lat' dir='ltr'>necessaria.</span> <span class='ocrx_word' id='word_1_86' title='bbox 1491 532 1538 561; x_wconf 90' lang='lat' dir='ltr'>Ad</span> <span class='ocrx_word' id='word_1_87' title='bbox 1568 532 1726 561; x_wconf 87' lang='lat' dir='ltr'>movendos</span> 
     </span>
     <span class='ocr_line' id='line_1_9' title="bbox 213 577 1729 620; baseline 0.001 -8"><span class='ocrx_word' id='word_1_88' title='bbox 213 582 358 618; x_wconf 84' lang='lat' dir='ltr'>affectus,</span> <span class='ocrx_word' id='word_1_89' title='bbox 387 583 487 618; x_wconf 77' lang='lat' dir='ltr'>quos,</span> <span class='ocrx_word' id='word_1_90' title='bbox 515 583 544 612; x_wconf 90' lang='lat' dir='ltr'>in</span> <span class='ocrx_word' id='word_1_91' title='bbox 566 583 663 619; x_wconf 81' lang='lat' dir='ltr'>primo</span> <span class='ocrx_word' id='word_1_92' title='bbox 687 585 867 620; x_wconf 82' lang='lat' dir='ltr'>specimine,</span> <span class='ocrx_word' id='word_1_93' title='bbox 897 585 954 614; x_wconf 84' lang='lat' dir='ltr'>fere</span> <span class='ocrx_word' id='word_1_94' title='bbox 988 586 1086 614; x_wconf 89' lang='lat' dir='ltr'>nullos</span> <span class='ocrx_word' id='word_1_95' title='bbox 1116 591 1225 613; x_wconf 88' lang='lat' dir='ltr'>movet.</span> <span class='ocrx_word' id='word_1_96' title='bbox 1273 584 1319 612; x_wconf 85' lang='lat' dir='ltr'>Ad</span> <span class='ocrx_word' id='word_1_97' title='bbox 1346 577 1555 620; x_wconf 62' lang='lat' dir='ltr'>exprimendam</span> <span class='ocrx_word' id='word_1_98' title='bbox 1591 589 1729 614; x_wconf 89' lang='lat' dir='ltr'>naturam.</span> 
     </span>
     <span class='ocr_line' id='line_1_10' title="bbox 213 633 1731 678; baseline 0.001 -16"><span class='ocrx_word' id='word_1_99' title='bbox 213 633 341 663; x_wconf 84' lang='lat' dir='ltr'>Profecit</span> <span class='ocrx_word' id='word_1_100' title='bbox 359 635 394 662; x_wconf 88' lang='lat' dir='ltr'>ad</span> <span class='ocrx_word' id='word_1_101' title='bbox 416 634 552 663; x_wconf 87' lang='lat' dir='ltr'>dictionis</span> <span class='ocrx_word' id='word_1_102' title='bbox 576 635 633 664; x_wconf 87' lang='lat' dir='ltr'>vim</span> <span class='ocrx_word' id='word_1_103' title='bbox 663 642 691 664; x_wconf 88' lang='lat' dir='ltr'>et</span> <span class='ocrx_word' id='word_1_104' title='bbox 713 636 899 673; x_wconf 83' lang='lat' dir='ltr'>elegantiam;</span> <span class='ocrx_word' id='word_1_105' title='bbox 927 638 961 666; x_wconf 88' lang='lat' dir='ltr'>ad</span> <span class='ocrx_word' id='word_1_106' title='bbox 984 638 1149 666; x_wconf 86' lang='lat' dir='ltr'>Chororum</span> <span class='ocrx_word' id='word_1_107' title='bbox 1177 636 1383 667; x_wconf 81' lang='lat' dir='ltr'>sublimitatem</span> <span class='ocrx_word' id='word_1_108' title='bbox 1409 642 1437 669; x_wconf 79' lang='lat' dir='ltr'>et</span> <span class='ocrx_word' id='word_1_109' title='bbox 1459 634 1731 678; x_wconf 59' lang='lat' dir='ltr'>praestantiam33in</span> 
     </span>
     <span class='ocr_line' id='line_1_11' title="bbox 217 685 1731 724; baseline 0.002 -10"><span class='ocrx_word' id='word_1_110' title='bbox 217 685 325 721; x_wconf 83' lang='lat' dir='ltr'>quibus</span> <span class='ocrx_word' id='word_1_111' title='bbox 346 686 503 715; x_wconf 83' lang='lat' dir='ltr'>notandum</span> <span class='ocrx_word' id='word_1_112' title='bbox 526 693 569 715; x_wconf 88' lang='lat' dir='ltr'>est</span> <span class='ocrx_word' id='word_1_113' title='bbox 591 693 672 716; x_wconf 84' lang='lat' dir='ltr'>tanto</span> <span class='ocrx_word' id='word_1_114' title='bbox 695 696 780 724; x_wconf 87' lang='lat' dir='ltr'>opere</span> <span class='ocrx_word' id='word_1_115' title='bbox 803 687 946 717; x_wconf 87' lang='lat' dir='ltr'>Nostrum</span> <span class='ocrx_word' id='word_1_116' title='bbox 969 688 1154 723; x_wconf 76' lang='lat' dir='ltr'>excessuisse,</span> <span class='ocrx_word' id='word_1_117' title='bbox 1174 696 1298 724; x_wconf 84' lang='lat' dir='ltr'>praeque</span> <span class='ocrx_word' id='word_1_118' title='bbox 1312 687 1414 716; x_wconf 85' lang='lat' dir='ltr'>ceteris</span> <span class='ocrx_word' id='word_1_119' title='bbox 1433 695 1500 716; x_wconf 86' lang='lat' dir='ltr'>suae</span> <span class='ocrx_word' id='word_1_120' title='bbox 1521 687 1620 716; x_wconf 87' lang='lat' dir='ltr'>aetatis</span> <span class='ocrx_word' id='word_1_121' title='bbox 1637 687 1731 723; x_wconf 70' lang='lat' dir='ltr'>poetis</span> 
     </span>
     <span class='ocr_line' id='line_1_12' title="bbox 216 736 1732 777; baseline 0.001 -13"><span class='ocrx_word' id='word_1_122' title='bbox 216 736 387 772; x_wconf 85' lang='lat' dir='ltr'>eminuisse,</span> <span class='ocrx_word' id='word_1_123' title='bbox 409 743 440 765; x_wconf 90' lang='lat' dir='ltr'>ut</span> <span class='ocrx_word' id='word_1_124' title='bbox 465 745 524 766; x_wconf 89' lang='lat' dir='ltr'>non</span> <span class='ocrx_word' id='word_1_125' title='bbox 553 738 695 776; x_wconf 72' lang='lat' dir='ltr'>Euripidi</span> <span class='ocrx_word' id='word_1_126' title='bbox 717 745 828 767; x_wconf 81' lang='lat' dir='ltr'>tantum</span> <span class='ocrx_word' id='word_1_127' title='bbox 854 740 1034 777; x_wconf 51' lang='lat' dir='ltr'>&amp;Sophocli</span> <span class='ocrx_word' id='word_1_128' title='bbox 1053 740 1084 768; x_wconf 88' lang='lat' dir='ltr'>in</span> <span class='ocrx_word' id='word_1_129' title='bbox 1104 739 1256 775; x_wconf 86' lang='lat' dir='ltr'>Tragicis,</span> <span class='ocrx_word' id='word_1_130' title='bbox 1277 739 1327 767; x_wconf 88' lang='lat' dir='ltr'>sed</span> <span class='ocrx_word' id='word_1_131' title='bbox 1350 744 1378 767; x_wconf 80' lang='lat' dir='ltr'>et</span> <span class='ocrx_word' id='word_1_132' title='bbox 1394 739 1516 767; x_wconf 72' lang='lat' dir='ltr'>vPindaro</span> <span class='ocrx_word' id='word_1_133' title='bbox 1541 738 1570 766; x_wconf 92' lang='lat' dir='ltr'>in</span> <span class='ocrx_word' id='word_1_134' title='bbox 1595 738 1732 774; x_wconf 87' lang='lat' dir='ltr'>Lyricis‚</span> 
     </span>
     <span class='ocr_line' id='line_1_13' title="bbox 210 788 1734 825; baseline 0.001 -9"><span class='ocrx_word' id='word_1_135' title='bbox 210 789 292 817; x_wconf 73' lang='lat' dir='ltr'>‘haud</span> <span class='ocrx_word' id='word_1_136' title='bbox 320 790 453 825; x_wconf 84' lang='lat' dir='ltr'>imparem</span> <span class='ocrx_word' id='word_1_137' title='bbox 484 797 546 818; x_wconf 89' lang='lat' dir='ltr'>sese</span> <span class='ocrx_word' id='word_1_138' title='bbox 570 790 757 825; x_wconf 53' lang='lat' dir='ltr'>praestiterit,</span> <span class='ocrx_word' id='word_1_139' title='bbox 799 791 855 820; x_wconf 89' lang='lat' dir='ltr'>Sed</span> <span class='ocrx_word' id='word_1_140' title='bbox 881 792 948 820; x_wconf 82' lang='lat' dir='ltr'>haec</span> <span class='ocrx_word' id='word_1_141' title='bbox 976 792 1011 820; x_wconf 86' lang='lat' dir='ltr'>ad</span> <span class='ocrx_word' id='word_1_142' title='bbox 1037 798 1094 819; x_wconf 87' lang='lat' dir='ltr'>rem</span> <span class='ocrx_word' id='word_1_143' title='bbox 1121 796 1248 819; x_wconf 87' lang='lat' dir='ltr'>nostram</span> <span class='ocrx_word' id='word_1_144' title='bbox 1283 789 1379 818; x_wconf 90' lang='lat' dir='ltr'>minus</span> <span class='ocrx_word' id='word_1_145' title='bbox 1412 788 1535 818; x_wconf 83' lang='lat' dir='ltr'>faciunt.</span> <span class='ocrx_word' id='word_1_146' title='bbox 1575 789 1734 818; x_wconf 69' lang='lat' dir='ltr'>Profeeisse</span> 
     </span>
     <span class='ocr_line' id='line_1_14' title="bbox 216 839 1735 879; baseline -0.001 -10"><span class='ocrx_word' id='word_1_147' title='bbox 216 847 311 869; x_wconf 86' lang='lat' dir='ltr'>autem</span> <span class='ocrx_word' id='word_1_148' title='bbox 336 839 526 875; x_wconf 73' lang='lat' dir='ltr'>Vondclium,</span> <span class='ocrx_word' id='word_1_149' title='bbox 548 841 648 876; x_wconf 83' lang='lat' dir='ltr'>paucis</span> <span class='ocrx_word' id='word_1_150' title='bbox 673 842 811 879; x_wconf 78' lang='lat' dir='ltr'>exempiis</span> <span class='ocrx_word' id='word_1_151' title='bbox 836 841 1037 879; x_wconf 86' lang='lat' dir='ltr'>ostendemus;</span> <span class='ocrx_word' id='word_1_152' title='bbox 1066 851 1081 871; x_wconf 91' lang='lat' dir='ltr'>e</span> <span class='ocrx_word' id='word_1_153' title='bbox 1103 842 1212 878; x_wconf 84' lang='lat' dir='ltr'>quibus</span> <span class='ocrx_word' id='word_1_154' title='bbox 1235 841 1360 879; x_wconf 88' lang='lat' dir='ltr'>patebit,</span> <span class='ocrx_word' id='word_1_155' title='bbox 1386 841 1485 871; x_wconf 88' lang='lat' dir='ltr'>multis</span> <span class='ocrx_word' id='word_1_156' title='bbox 1508 840 1537 870; x_wconf 90' lang='lat' dir='ltr'>in</span> <span class='ocrx_word' id='word_1_157' title='bbox 1554 840 1628 870; x_wconf 86' lang='lat' dir='ltr'>loeis</span> <span class='ocrx_word' id='word_1_158' title='bbox 1653 840 1735 869; x_wconf 85' lang='lat' dir='ltr'>Vete-</span> 
     </span>
     <span class='ocr_line' id='line_1_15' title="bbox 209 891 1139 932; baseline 0.001 -11"><span class='ocrx_word' id='word_1_159' title='bbox 209 891 318 928; x_wconf 64' lang='lat' dir='ltr'>tibus,</span> <span class='ocrx_word' id='word_1_160' title='bbox 338 897 472 928; x_wconf 81' lang='lat' dir='ltr'>tanquam</span> <span class='ocrx_word' id='word_1_161' title='bbox 491 893 611 930; x_wconf 16' lang='lat' dir='ltr'>*corpori</span> <span class='ocrx_word' id='word_1_162' title='bbox 633 894 781 932; x_wconf 85' lang='lat' dir='ltr'>umbram,</span> <span class='ocrx_word' id='word_1_163' title='bbox 803 895 945 925; x_wconf 83' lang='lat' dir='ltr'>Nostrum</span> <span class='ocrx_word' id='word_1_164' title='bbox 966 894 1139 924; x_wconf 83' lang='lat' dir='ltr'>adhaesisse.</span> 
     </span>
    </p>
   </div>
   <div class='ocr_carea' id='block_1_3' title="bbox 218 962 1748 2054">
    <p class='ocr_par' dir='ltr' id='par_1_3' title="bbox 503 962 1028 1077">
     <span class='ocr_line' id='line_1_16' title="bbox 540 962 547 974; baseline 0 0"><span class='ocrx_word' id='word_1_165' title='bbox 540 962 547 974; x_wconf 75' lang='lat' dir='ltr'>t</span> 
     </span>
     <span class='ocr_line' id='line_1_17' title="bbox 923 999 1028 1036; baseline 0.038 -11"><span class='ocrx_word' id='word_1_166' title='bbox 923 999 957 1036; x_wconf 59' lang='grc' dir='ltr'>ῖς.</span> <span class='ocrx_word' id='word_1_167' title='bbox 995 1006 1028 1029; x_wconf 75' lang='lat'>2.</span> 
     </span>
     <span class='ocr_line' id='line_1_18' title="bbox 503 1063 547 1077; baseline 0 -7"><span class='ocrx_word' id='word_1_168' title='bbox 503 1063 513 1077; x_wconf 33' lang='grc' dir='ltr'>ι</span> <span class='ocrx_word' id='word_1_169' title='bbox 540 1066 547 1070; x_wconf 86' lang='grc'>.</span> 
     </span>
    </p>

    <p class='ocr_par' dir='ltr' id='par_1_4' title="bbox 218 1094 1748 2054">
     <span class='ocr_line' id='line_1_19' title="bbox 249 1094 1737 1138; baseline 0.001 -16"><span class='ocrx_word' id='word_1_170' title='bbox 249 1094 302 1123; x_wconf 80' lang='lat' dir='ltr'>Ne</span> <span class='ocrx_word' id='word_1_171' title='bbox 325 1095 355 1123; x_wconf 90' lang='lat' dir='ltr'>in</span> <span class='ocrx_word' id='word_1_172' title='bbox 373 1094 510 1133; x_wconf 82' lang='lat' dir='ltr'>exempns</span> <span class='ocrx_word' id='word_1_173' title='bbox 534 1096 702 1132; x_wconf 74' lang='lat' dir='ltr'>quaerendis</span> <span class='ocrx_word' id='word_1_174' title='bbox 715 1099 797 1130; x_wconf 65' lang='lat' dir='ltr'>‘falso</span> <span class='ocrx_word' id='word_1_175' title='bbox 817 1100 956 1130; x_wconf 86' lang='lat' dir='ltr'>ducamur</span> <span class='ocrx_word' id='word_1_176' title='bbox 975 1099 1111 1138; x_wconf 74' lang='lat' dir='ltr'>ingenio,</span> <span class='ocrx_word' id='word_1_177' title='bbox 1126 1098 1372 1137; x_wconf 75' lang='lat' dir='ltr'>praemonendum</span> <span class='ocrx_word' id='word_1_178' title='bbox 1394 1096 1463 1126; x_wconf 79' lang='lat' dir='ltr'>erit:</span> <span class='ocrx_word' id='word_1_179' title='bbox 1484 1095 1626 1125; x_wconf 80' lang='lat' dir='ltr'>Nostrum</span> <span class='ocrx_word' id='word_1_180' title='bbox 1649 1096 1737 1125; x_wconf 70' lang='lat' dir='ltr'>Lati-</span> 
     </span>
     <span class='ocr_line' id='line_1_20' title="bbox 218 1145 1737 1190; baseline 0.003 -16"><span class='ocrx_word' id='word_1_181' title='bbox 218 1153 267 1174; x_wconf 78' lang='lat' dir='ltr'>ms</span> <span class='ocrx_word' id='word_1_182' title='bbox 283 1145 313 1174; x_wconf 88' lang='lat' dir='ltr'>in</span> <span class='ocrx_word' id='word_1_183' title='bbox 337 1147 493 1183; x_wconf 90' lang='lat' dir='ltr'>pluribus,</span> <span class='ocrx_word' id='word_1_184' title='bbox 516 1157 602 1184; x_wconf 88' lang='lat' dir='ltr'>quam</span> <span class='ocrx_word' id='word_1_185' title='bbox 622 1150 770 1187; x_wconf 69' lang='lat' dir='ltr'>Graecos,</span> <span class='ocrx_word' id='word_1_186' title='bbox 800 1153 873 1182; x_wconf 88' lang='lat' dir='ltr'>locis</span> <span class='ocrx_word' id='word_1_187' title='bbox 896 1162 960 1183; x_wconf 86' lang='lat' dir='ltr'>esse</span> <span class='ocrx_word' id='word_1_188' title='bbox 983 1160 1130 1183; x_wconf 84' lang='lat' dir='ltr'>secutum:</span> <span class='ocrx_word' id='word_1_189' title='bbox 1163 1154 1243 1190; x_wconf 86' lang='lat' dir='ltr'>quod</span> <span class='ocrx_word' id='word_1_190' title='bbox 1264 1159 1379 1181; x_wconf 82' lang='lat' dir='ltr'>naturae</span> <span class='ocrx_word' id='word_1_191' title='bbox 1411 1150 1530 1180; x_wconf 85' lang='lat' dir='ltr'>maxime</span> <span class='ocrx_word' id='word_1_192' title='bbox 1552 1155 1596 1179; x_wconf 88' lang='lat' dir='ltr'>est</span> <span class='ocrx_word' id='word_1_193' title='bbox 1615 1158 1737 1179; x_wconf 88' lang='lat' dir='ltr'>consen·</span> 
     </span>
     <span class='ocr_line' id='line_1_21' title="bbox 220 1196 1739 1241; baseline 0.005 -18"><span class='ocrx_word' id='word_1_194' title='bbox 220 1201 344 1226; x_wconf 88' lang='lat' dir='ltr'>taneum.</span> <span class='ocrx_word' id='word_1_195' title='bbox 384 1196 466 1234; x_wconf 80' lang='lat' dir='ltr'>Quid</span> <span class='ocrx_word' id='word_1_196' title='bbox 482 1198 578 1228; x_wconf 76' lang='lat' dir='ltr'>enim?</span> <span class='ocrx_word' id='word_1_197' title='bbox 604 1200 768 1238; x_wconf 81' lang='lat' dir='ltr'>Peregrinas</span> <span class='ocrx_word' id='word_1_198' title='bbox 785 1210 812 1232; x_wconf 88' lang='lat' dir='ltr'>et</span> <span class='ocrx_word' id='word_1_199' title='bbox 829 1204 942 1241; x_wconf 84' lang='lat' dir='ltr'>ignotas</span> <span class='ocrx_word' id='word_1_200' title='bbox 966 1211 1046 1234; x_wconf 88' lang='lat' dir='ltr'>antea</span> <span class='ocrx_word' id='word_1_201' title='bbox 1067 1205 1154 1235; x_wconf 83' lang='lat' dir='ltr'>nobis</span> <span class='ocrx_word' id='word_1_202' title='bbox 1175 1205 1309 1241; x_wconf 85' lang='lat' dir='ltr'>linguas,</span> <span class='ocrx_word' id='word_1_203' title='bbox 1330 1203 1431 1240; x_wconf 85' lang='lat' dir='ltr'>pueri,</span> <span class='ocrx_word' id='word_1_204' title='bbox 1460 1202 1672 1237; x_wconf 85' lang='lat' dir='ltr'>adolescentes,</span> <span class='ocrx_word' id='word_1_205' title='bbox 1691 1203 1739 1239; x_wconf 82' lang='lat' dir='ltr'>ju-</span> 
     </span>
     <span class='ocr_line' id='line_1_22' title="bbox 220 1247 1743 1296; baseline 0.014 -22"><span class='ocrx_word' id='word_1_206' title='bbox 220 1254 306 1275; x_wconf 88' lang='lat' dir='ltr'>venes</span> <span class='ocrx_word' id='word_1_207' title='bbox 327 1247 431 1284; x_wconf 86' lang='lat' dir='ltr'>facile,</span> <span class='ocrx_word' id='word_1_208' title='bbox 450 1248 601 1279; x_wconf 89' lang='lat' dir='ltr'>difficulter</span> <span class='ocrx_word' id='word_1_209' title='bbox 623 1253 775 1282; x_wconf 86' lang='lat' dir='ltr'>admodum</span> <span class='ocrx_word' id='word_1_210' title='bbox 796 1255 869 1291; x_wconf 86' lang='lat' dir='ltr'>viri,</span> <span class='ocrx_word' id='word_1_211' title='bbox 882 1257 1077 1287; x_wconf 83' lang='lat' dir='ltr'>addiscimus.</span> <span class='ocrx_word' id='word_1_212' title='bbox 1116 1257 1216 1296; x_wconf 78' lang='lat' dir='ltr'>Atque</span> <span class='ocrx_word' id='word_1_213' title='bbox 1242 1264 1276 1287; x_wconf 85' lang='lat' dir='ltr'>ex</span> <span class='ocrx_word' id='word_1_214' title='bbox 1298 1264 1386 1292; x_wconf 71' lang='lat' dir='ltr'>supra</span> <span class='ocrx_word' id='word_1_215' title='bbox 1417 1254 1503 1284; x_wconf 73' lang='lat' dir='ltr'>d¹⁰¹¹⁵</span> <span class='ocrx_word' id='word_1_216' title='bbox 1523 1254 1558 1284; x_wconf 70' lang='lat' dir='ltr'>de</span> <span class='ocrx_word' id='word_1_217' title='bbox 1580 1254 1638 1283; x_wconf 80' lang='lat' dir='ltr'>vita</span> <span class='ocrx_word' id='word_1_218' title='bbox 1659 1254 1743 1288; x_wconf 62' lang='lat' dir='ltr'>VW‘</span> 
     </span>
     <span class='ocr_line' id='line_1_23' title="bbox 221 1296 1738 1355; baseline 0.005 -30"><span class='ocrx_word' id='word_1_219' title='bbox 221 1296 312 1332; x_wconf 81' lang='lat' dir='ltr'>delii,</span> <span class='ocrx_word' id='word_1_220' title='bbox 333 1297 363 1326; x_wconf 85' lang='lat' dir='ltr'>ni</span> <span class='ocrx_word' id='word_1_221' title='bbox 383 1297 483 1335; x_wconf 81' lang='lat' dir='ltr'>fallar,</span> <span class='ocrx_word' id='word_1_222' title='bbox 503 1301 574 1329; x_wconf 89' lang='lat' dir='ltr'>satis</span> <span class='ocrx_word' id='word_1_223' title='bbox 598 1303 726 1338; x_wconf 84' lang='lat' dir='ltr'>patebit,</span> <span class='ocrx_word' id='word_1_224' title='bbox 747 1313 810 1334; x_wconf 89' lang='lat' dir='ltr'>eum</span> <span class='ocrx_word' id='word_1_225' title='bbox 829 1307 887 1343; x_wconf 88' lang='lat' dir='ltr'>jam</span> <span class='ocrx_word' id='word_1_226' title='bbox 905 1308 998 1336; x_wconf 78' lang='lat' dir='ltr'>viium</span> <span class='ocrx_word' id='word_1_227' title='bbox 1019 1308 1145 1344; x_wconf 84' lang='lat' dir='ltr'>linguam</span> <span class='ocrx_word' id='word_1_228' title='bbox 1168 1308 1332 1342; x_wconf 84' lang='lat' dir='ltr'>Latinam,</span> <span class='ocrx_word' id='word_1_229' title='bbox 1360 1306 1533 1340; x_wconf 76' lang='lat' dir='ltr'>Graecam,</span> <span class='ocrx_word' id='word_1_230' title='bbox 1558 1311 1648 1334; x_wconf 89' lang='lat' dir='ltr'>aetate</span> <span class='ocrx_word' id='word_1_231' title='bbox 1670 1313 1738 1355; x_wconf 80' lang='lat' dir='ltr'>pro—</span> 
     </span>
     <span class='ocr_line' id='line_1_24' title="bbox 219 1348 1743 1395; baseline 0.006 -19.03"><span class='ocrx_word' id='word_1_232' title='bbox 219 1348 345 1377; x_wconf 85' lang='lat' dir='ltr'>vectiori</span> <span class='ocrx_word' id='word_1_233' title='bbox 360 1349 504 1380; x_wconf 86' lang='lat' dir='ltr'>didicisse.</span> <span class='ocrx_word' id='word_1_234' title='bbox 546 1352 721 1390; x_wconf 87' lang='lat' dir='ltr'>Argumenta</span> <span class='ocrx_word' id='word_1_235' title='bbox 734 1359 948 1395; x_wconf 75' lang='lat' dir='ltr'>praetereaejus</span> <span class='ocrx_word' id='word_1_236' title='bbox 961 1380 971 1394; x_wconf 87' lang='lat'>,</span> <span class='ocrx_word' id='word_1_237' title='bbox 991 1360 1071 1395; x_wconf 85' lang='lat' dir='ltr'>quod</span> <span class='ocrx_word' id='word_1_238' title='bbox 1092 1360 1170 1394; x_wconf 82' lang='lat' dir='ltr'>dixi,</span> <span class='ocrx_word' id='word_1_239' title='bbox 1193 1360 1338 1389; x_wconf 81' lang='lat' dir='ltr'>Graecum</span> <span class='ocrx_word' id='word_1_240' title='bbox 1361 1365 1541 1393; x_wconf 88' lang='lat' dir='ltr'>ser,m0nem</span> <span class='ocrx_word' id='word_1_241' title='bbox 1563 1350 1669 1385; x_wconf 80' lang='lat' dir='ltr'>Latino</span> <span class='ocrx_word' id='word_1_242' title='bbox 1688 1357 1743 1388; x_wconf 87' lang='lat' dir='ltr'>mi-</span> 
     </span>
     <span class='ocr_line' id='line_1_25' title="bbox 220 1401 1744 1446; baseline 0.007 -19"><span class='ocrx_word' id='word_1_243' title='bbox 220 1407 300 1435; x_wconf 71' lang='lat' dir='ltr'>nus,</span> <span class='ocrx_word' id='word_1_244' title='bbox 326 1401 493 1431; x_wconf 86' lang='lat' dir='ltr'>tractavisse</span> <span class='ocrx_word' id='word_1_245' title='bbox 511 1403 707 1441; x_wconf 69' lang='lat' dir='ltr'>Vondclium,</span> <span class='ocrx_word' id='word_1_246' title='bbox 736 1408 843 1437; x_wconf 85' lang='lat' dir='ltr'>adsunt</span> <span class='ocrx_word' id='word_1_247' title='bbox 866 1410 938 1443; x_wconf 65' lang='lat' dir='ltr'>satis</span> <span class='ocrx_word' id='word_1_248' title='bbox 959 1410 1072 1439; x_wconf 83' lang='lat' dir='ltr'>idonea.</span> <span class='ocrx_word' id='word_1_249' title='bbox 1117 1410 1165 1442; x_wconf 86' lang='lat' dir='ltr'>Ex</span> <span class='ocrx_word' id='word_1_250' title='bbox 1191 1410 1246 1439; x_wconf 86' lang='lat' dir='ltr'>hoc</span> <span class='ocrx_word' id='word_1_251' title='bbox 1273 1410 1346 1439; x_wconf 86' lang='lat' dir='ltr'>enim</span> <span class='ocrx_word' id='word_1_252' title='bbox 1376 1409 1489 1446; x_wconf 82' lang='lat' dir='ltr'>egregia</span> <span class='ocrx_word' id='word_1_253' title='bbox 1522 1410 1611 1437; x_wconf 87' lang='lat' dir='ltr'>multa</span> <span class='ocrx_word' id='word_1_254' title='bbox 1644 1416 1744 1437; x_wconf 86' lang='lat' dir='ltr'>verna-</span> 
     </span>
     <span class='ocr_line' id='line_1_26' title="bbox 221 1451 1741 1500; baseline 0.007 -21"><span class='ocrx_word' id='word_1_255' title='bbox 221 1451 290 1480; x_wconf 80' lang='lat' dir='ltr'>culo</span> <span class='ocrx_word' id='word_1_256' title='bbox 308 1458 411 1481; x_wconf 82' lang='lat' dir='ltr'>nostro</span> <span class='ocrx_word' id='word_1_257' title='bbox 434 1455 558 1483; x_wconf 84' lang='lat' dir='ltr'>sermoni</span> <span class='ocrx_word' id='word_1_258' title='bbox 582 1456 677 1486; x_wconf 87' lang='lat' dir='ltr'>dedit:</span> <span class='ocrx_word' id='word_1_259' title='bbox 703 1457 802 1489; x_wconf 68' lang='lat' dir='ltr'>Ovidii</span> <span class='ocrx_word' id='word_1_260' title='bbox 821 1460 1098 1500; x_wconf 65' lang='lat' dir='ltr'>Metamorphoses,</span> <span class='ocrx_word' id='word_1_261' title='bbox 1114 1462 1240 1499; x_wconf 78' lang='lat' dir='ltr'>&#39;Virgilii</span> <span class='ocrx_word' id='word_1_262' title='bbox 1263 1461 1442 1496; x_wconf 69' lang='lat' dir='ltr'>Aeneidem,</span> <span class='ocrx_word' id='word_1_263' title='bbox 1471 1461 1593 1493; x_wconf 69' lang='lat' dir='ltr'>Senecae</span> <span class='ocrx_word' id='word_1_264' title='bbox 1615 1460 1741 1497; x_wconf 87' lang='lat' dir='ltr'>Tragoe-</span> 
     </span>
     <span class='ocr_line' id='line_1_27' title="bbox 221 1503 1742 1548; baseline 0.005 -16"><span class='ocrx_word' id='word_1_265' title='bbox 221 1503 283 1532; x_wconf 83' lang='lat' dir='ltr'>dias</span> <span class='ocrx_word' id='word_1_266' title='bbox 301 1505 438 1540; x_wconf 83' lang='lat' dir='ltr'>plurimas</span> <span class='ocrx_word' id='word_1_267' title='bbox 456 1506 570 1544; x_wconf 84' lang='lat' dir='ltr'>Belgice</span> <span class='ocrx_word' id='word_1_268' title='bbox 590 1511 796 1540; x_wconf 85' lang='lat' dir='ltr'>convertendo.</span> <span class='ocrx_word' id='word_1_269' title='bbox 835 1512 891 1541; x_wconf 90' lang='lat' dir='ltr'>Sed</span> <span class='ocrx_word' id='word_1_270' title='bbox 911 1513 940 1542; x_wconf 90' lang='lat' dir='ltr'>in</span> <span class='ocrx_word' id='word_1_271' title='bbox 965 1513 1029 1542; x_wconf 89' lang='lat' dir='ltr'>istis</span> <span class='ocrx_word' id='word_1_272' title='bbox 1050 1514 1132 1542; x_wconf 86' lang='lat' dir='ltr'>etiam</span> <span class='ocrx_word' id='word_1_273' title='bbox 1145 1513 1332 1543; x_wconf 64' lang='lat' dir='ltr'>versionibus</span> <span class='ocrx_word' id='word_1_274' title='bbox 1353 1511 1490 1545; x_wconf 77' lang='lat' dir='ltr'>faciendis</span> <span class='ocrx_word' id='word_1_275' title='bbox 1518 1519 1651 1548; x_wconf 88' lang='lat' dir='ltr'>persaepe</span> <span class='ocrx_word' id='word_1_276' title='bbox 1673 1511 1742 1540; x_wconf 88' lang='lat' dir='ltr'>ami-</span> 
     </span>
     <span class='ocr_line' id='line_1_28' title="bbox 223 1551 1738 1602; baseline 0.005 -19"><span class='ocrx_word' id='word_1_277' title='bbox 223 1563 323 1584; x_wconf 90' lang='lat' dir='ltr'>corum</span> <span class='ocrx_word' id='word_1_278' title='bbox 347 1565 434 1592; x_wconf 88' lang='lat' dir='ltr'>opem</span> <span class='ocrx_word' id='word_1_279' title='bbox 460 1564 487 1585; x_wconf 89' lang='lat' dir='ltr'>et</span> <span class='ocrx_word' id='word_1_280' title='bbox 507 1558 646 1595; x_wconf 80' lang='lat' dir='ltr'>flagitavit</span> <span class='ocrx_word' id='word_1_281' title='bbox 667 1567 695 1589; x_wconf 88' lang='lat' dir='ltr'>et</span> <span class='ocrx_word' id='word_1_282' title='bbox 714 1562 845 1596; x_wconf 83' lang='lat' dir='ltr'>adhibuit</span> <span class='ocrx_word' id='word_1_283' title='bbox 865 1564 922 1601; x_wconf 85' lang='lat' dir='ltr'>(ut</span> <span class='ocrx_word' id='word_1_284' title='bbox 937 1573 971 1594; x_wconf 82' lang='lat' dir='ltr'>cx</span> <span class='ocrx_word' id='word_1_285' title='bbox 990 1565 1108 1601; x_wconf 71' lang='lat' dir='ltr'>Hecuba</span> <span class='ocrx_word' id='word_1_286' title='bbox 1124 1565 1194 1595; x_wconf 78' lang='lat' dir='ltr'>satis</span> <span class='ocrx_word' id='word_1_287' title='bbox 1217 1571 1312 1602; x_wconf 85' lang='lat' dir='ltr'>patet,</span> <span class='ocrx_word' id='word_1_288' title='bbox 1333 1565 1418 1602; x_wconf 78' lang='lat' dir='ltr'>quus</span> <span class='ocrx_word' id='word_1_289' title='bbox 1432 1551 1590 1597; x_wconf 70' lang='lat' dir='ltr'>versionem</span> <span class='ocrx_word' id='word_1_290' title='bbox 1607 1563 1738 1600; x_wconf 79' lang='lat' dir='ltr'>lIooflii,</span> 
     </span>
     <span class='ocr_line' id='line_1_29' title="bbox 223 1608 1743 1654; baseline 0.005 -18"><span class='ocrx_word' id='word_1_291' title='bbox 223 1608 371 1637; x_wconf 55' lang='lat' dir='ltr'>Visst-heri</span> <span class='ocrx_word' id='word_1_292' title='bbox 384 1616 411 1638; x_wconf 89' lang='lat' dir='ltr'>et</span> <span class='ocrx_word' id='word_1_293' title='bbox 423 1610 533 1646; x_wconf 71' lang='lat' dir='ltr'>Recili,</span> <span class='ocrx_word' id='word_1_294' title='bbox 559 1620 614 1647; x_wconf 91' lang='lat' dir='ltr'>ope</span> <span class='ocrx_word' id='word_1_295' title='bbox 631 1613 794 1652; x_wconf 76' lang='lat' dir='ltr'>confecit.)</span> <span class='ocrx_word' id='word_1_296' title='bbox 834 1615 922 1654; x_wconf 88' lang='lat' dir='ltr'>Quod</span> <span class='ocrx_word' id='word_1_297' title='bbox 942 1617 970 1646; x_wconf 86' lang='lat' dir='ltr'>si</span> <span class='ocrx_word' id='word_1_298' title='bbox 990 1617 1020 1646; x_wconf 90' lang='lat' dir='ltr'>in</span> <span class='ocrx_word' id='word_1_299' title='bbox 1043 1618 1198 1646; x_wconf 81' lang='lat' dir='ltr'>excolendo</span> <span class='ocrx_word' id='word_1_300' title='bbox 1221 1616 1331 1645; x_wconf 81' lang='lat' dir='ltr'>Latino</span> <span class='ocrx_word' id='word_1_301' title='bbox 1356 1624 1505 1650; x_wconf 84' lang='lat' dir='ltr'>sermone,</span> <span class='ocrx_word' id='word_1_302' title='bbox 1528 1623 1613 1651; x_wconf 90' lang='lat' dir='ltr'>quem</span> <span class='ocrx_word' id='word_1_303' title='bbox 1637 1614 1743 1651; x_wconf 86' lang='lat' dir='ltr'>aptiori</span> 
     </span>
     <span class='ocr_line' id='line_1_30' title="bbox 225 1659 1740 1705; baseline 0.006 -19"><span class='ocrx_word' id='word_1_304' title='bbox 225 1665 317 1687; x_wconf 83' lang='lat' dir='ltr'>aetate</span> <span class='ocrx_word' id='word_1_305' title='bbox 339 1659 396 1687; x_wconf 88' lang='lat' dir='ltr'>sibi</span> <span class='ocrx_word' id='word_1_306' title='bbox 421 1661 570 1697; x_wconf 84' lang='lat' dir='ltr'>proprium</span> <span class='ocrx_word' id='word_1_307' title='bbox 596 1662 682 1700; x_wconf 84' lang='lat' dir='ltr'>fecit,</span> <span class='ocrx_word' id='word_1_308' title='bbox 703 1665 792 1694; x_wconf 80' lang='lat' dir='ltr'>aliena</span> <span class='ocrx_word' id='word_1_309' title='bbox 814 1675 898 1696; x_wconf 89' lang='lat' dir='ltr'>manu</span> <span class='ocrx_word' id='word_1_310' title='bbox 918 1669 1046 1705; x_wconf 74' lang='lat' dir='ltr'>eguerit,</span> <span class='ocrx_word' id='word_1_311' title='bbox 1068 1669 1137 1704; x_wconf 87' lang='lat' dir='ltr'>quid</span> <span class='ocrx_word' id='word_1_312' title='bbox 1155 1670 1188 1697; x_wconf 86' lang='lat' dir='ltr'>de</span> <span class='ocrx_word' id='word_1_313' title='bbox 1210 1668 1322 1697; x_wconf 82' lang='lat' dir='ltr'>Graeco</span> <span class='ocrx_word' id='word_1_314' title='bbox 1348 1668 1526 1697; x_wconf 82' lang='lat' dir='ltr'>sentiendum</span> <span class='ocrx_word' id='word_1_315' title='bbox 1547 1673 1609 1702; x_wconf 89' lang='lat' dir='ltr'>est,</span> <span class='ocrx_word' id='word_1_316' title='bbox 1636 1675 1740 1703; x_wconf 79' lang='lat' dir='ltr'>quem,</span> 
     </span>
     <span class='ocr_line' id='line_1_31' title="bbox 227 1711 1746 1756; baseline 0.007 -20.06"><span class='ocrx_word' id='word_1_317' title='bbox 227 1711 320 1738; x_wconf 81' lang='lat' dir='ltr'>nulto</span> <span class='ocrx_word' id='word_1_318' title='bbox 336 1711 542 1750; x_wconf 83' lang='lat' dir='ltr'>difficiliorem,</span> <span class='ocrx_word' id='word_1_319' title='bbox 564 1722 664 1751; x_wconf 85' lang='lat' dir='ltr'>postea</span> <span class='ocrx_word' id='word_1_320' title='bbox 681 1717 793 1746; x_wconf 88' lang='lat' dir='ltr'>demum</span> <span class='ocrx_word' id='word_1_321' title='bbox 817 1720 971 1749; x_wconf 76' lang='lat' dir='ltr'>tractavit?</span> <span class='ocrx_word' id='word_1_322' title='bbox 1011 1721 1044 1749; x_wconf 84' lang='lat' dir='ltr'>In</span> <span class='ocrx_word' id='word_1_323' title='bbox 1064 1720 1263 1750; x_wconf 82' lang='lat' dir='ltr'>convertendis</span> <span class='ocrx_word' id='word_1_324' title='bbox 1281 1719 1394 1756; x_wconf 71' lang='lat' dir='ltr'>Belgica</span> <span class='ocrx_word' id='word_1_325' title='bbox 1416 1719 1594 1748; x_wconf 75' lang='lat' dir='ltr'>Graecorum</span> <span class='ocrx_word' id='word_1_326' title='bbox 1619 1717 1746 1755; x_wconf 83' lang='lat' dir='ltr'>Tragoe-</span> 
     </span>
     <span class='ocr_line' id='line_1_32' title="bbox 227 1760 1744 1809; baseline 0 -13"><span class='ocrx_word' id='word_1_327' title='bbox 227 1760 301 1796; x_wconf 59' lang='lat'>53¹5,</span> <span class='ocrx_word' id='word_1_328' title='bbox 324 1763 419 1791; x_wconf 62' lang='lat' dir='ltr'>minus</span> <span class='ocrx_word' id='word_1_329' title='bbox 446 1763 543 1809; x_wconf 61' lang='lat' dir='ltr'>felici,</span> <span class='ocrx_word' id='word_1_330' title='bbox 573 1775 657 1802; x_wconf 82' lang='lat' dir='ltr'>quam</span> <span class='ocrx_word' id='word_1_331' title='bbox 679 1769 709 1798; x_wconf 91' lang='lat' dir='ltr'>i.n</span> <span class='ocrx_word' id='word_1_332' title='bbox 736 1769 877 1806; x_wconf 76' lang='lat' dir='ltr'>Latinis,</span> <span class='ocrx_word' id='word_1_333' title='bbox 906 1780 1045 1801; x_wconf 87' lang='lat' dir='ltr'>successu</span> <span class='ocrx_word' id='word_1_334' title='bbox 1069 1778 1264 1801; x_wconf 84' lang='lat' dir='ltr'>remuneratus</span> <span class='ocrx_word' id='word_1_335' title='bbox 1286 1777 1348 1806; x_wconf 81' lang='lat' dir='ltr'>est3</span> <span class='ocrx_word' id='word_1_336' title='bbox 1379 1778 1490 1806; x_wconf 84' lang='lat' dir='ltr'>semper</span> <span class='ocrx_word' id='word_1_337' title='bbox 1516 1776 1608 1797; x_wconf 86' lang='lat' dir='ltr'>tamen</span> <span class='ocrx_word' id='word_1_338' title='bbox 1635 1769 1744 1797; x_wconf 84' lang='lat' dir='ltr'>versio-</span> 
     </span>
     <span class='ocr_line' id='line_1_33' title="bbox 224 1815 1742 1859; baseline 0.005 -19"><span class='ocrx_word' id='word_1_339' title='bbox 224 1820 293 1841; x_wconf 73' lang='lat' dir='ltr'>num</span> <span class='ocrx_word' id='word_1_340' title='bbox 317 1823 349 1842; x_wconf 76' lang='lat' dir='ltr'>cx</span> <span class='ocrx_word' id='word_1_341' title='bbox 371 1815 460 1844; x_wconf 82' lang='lat' dir='ltr'>hocce</span> <span class='ocrx_word' id='word_1_342' title='bbox 483 1817 615 1847; x_wconf 82' lang='lat' dir='ltr'>idiomate</span> <span class='ocrx_word' id='word_1_343' title='bbox 644 1821 716 1849; x_wconf 89' lang='lat' dir='ltr'>duce</span> <span class='ocrx_word' id='word_1_344' title='bbox 737 1828 764 1850; x_wconf 91' lang='lat' dir='ltr'>et</span> <span class='ocrx_word' id='word_1_345' title='bbox 788 1822 918 1859; x_wconf 85' lang='lat' dir='ltr'>adjutore</span> <span class='ocrx_word' id='word_1_346' title='bbox 952 1823 1045 1854; x_wconf 85' lang='lat' dir='ltr'>fuitus</span> <span class='ocrx_word' id='word_1_347' title='bbox 1077 1823 1179 1852; x_wconf 67' lang='lat' dir='ltr'>lsadco</span> <span class='ocrx_word' id='word_1_348' title='bbox 1201 1823 1317 1857; x_wconf 85' lang='lat' dir='ltr'>Vossio‚</span> <span class='ocrx_word' id='word_1_349' title='bbox 1345 1822 1424 1850; x_wconf 87' lang='lat' dir='ltr'>nulla</span> <span class='ocrx_word' id='word_1_350' title='bbox 1447 1829 1505 1850; x_wconf 94' lang='lat' dir='ltr'>non</span> <span class='ocrx_word' id='word_1_351' title='bbox 1532 1820 1613 1848; x_wconf 88' lang='lat' dir='ltr'>laude</span> <span class='ocrx_word' id='word_1_352' title='bbox 1633 1819 1742 1856; x_wconf 82' lang='lat' dir='ltr'>dignis-</span> 
     </span>
     <span class='ocr_line' id='line_1_34' title="bbox 227 1864 1741 1911; baseline 0.005 -17"><span class='ocrx_word' id='word_1_353' title='bbox 227 1864 301 1892; x_wconf 75' lang='lat' dir='ltr'>simo</span> <span class='ocrx_word' id='word_1_354' title='bbox 324 1865 397 1893; x_wconf 80' lang='lat' dir='ltr'>viro.</span> <span class='ocrx_word' id='word_1_355' title='bbox 444 1868 539 1897; x_wconf 79' lang='lat' dir='ltr'>Sensit</span> <span class='ocrx_word' id='word_1_356' title='bbox 564 1870 651 1907; x_wconf 79' lang='lat' dir='ltr'>igitur</span> <span class='ocrx_word' id='word_1_357' title='bbox 671 1881 751 1902; x_wconf 86' lang='lat' dir='ltr'>suam</span> <span class='ocrx_word' id='word_1_358' title='bbox 779 1874 833 1903; x_wconf 86' lang='lat' dir='ltr'>hoc</span> <span class='ocrx_word' id='word_1_359' title='bbox 858 1875 888 1903; x_wconf 83' lang='lat' dir='ltr'>in</span> <span class='ocrx_word' id='word_1_360' title='bbox 912 1883 1011 1911; x_wconf 76' lang='lat' dir='ltr'>genere</span> <span class='ocrx_word' id='word_1_361' title='bbox 1032 1875 1242 1909; x_wconf 81' lang='lat' dir='ltr'>infirmitatem,</span> <span class='ocrx_word' id='word_1_362' title='bbox 1263 1873 1418 1909; x_wconf 84' lang='lat' dir='ltr'>aliquando</span> <span class='ocrx_word' id='word_1_363' title='bbox 1438 1879 1535 1904; x_wconf 40' lang='lat' dir='ltr'>stamen</span> <span class='ocrx_word' id='word_1_364' title='bbox 1558 1871 1607 1899; x_wconf 82' lang='lat' dir='ltr'>sed</span> <span class='ocrx_word' id='word_1_365' title='bbox 1629 1870 1741 1906; x_wconf 78' lang='lat' dir='ltr'>rarius,</span> 
     </span>
     <span class='ocr_line' id='line_1_35' title="bbox 229 1914 1744 1962; baseline 0.004 -18"><span class='ocrx_word' id='word_1_366' title='bbox 229 1914 258 1943; x_wconf 70' lang='lat' dir='ltr'>in</span> <span class='ocrx_word' id='word_1_367' title='bbox 291 1916 502 1951; x_wconf 73' lang='lat' dir='ltr'>posterioribus</span> <span class='ocrx_word' id='word_1_368' title='bbox 521 1920 725 1962; x_wconf 74' lang='lat' dir='ltr'>¹Tragoediis,</span> <span class='ocrx_word' id='word_1_369' title='bbox 753 1924 872 1954; x_wconf 84' lang='lat' dir='ltr'>Graecis</span> <span class='ocrx_word' id='word_1_370' title='bbox 899 1927 1079 1959; x_wconf 58' lang='lat' dir='ltr'>auctoribus,</span> <span class='ocrx_word' id='word_1_371' title='bbox 1102 1934 1164 1958; x_wconf 74' lang='lat' dir='ltr'>sese</span> <span class='ocrx_word' id='word_1_372' title='bbox 1199 1925 1411 1962; x_wconf 83' lang='lat' dir='ltr'>accommodare</span> <span class='ocrx_word' id='word_1_373' title='bbox 1442 1923 1572 1962; x_wconf 81' lang='lat' dir='ltr'>studens.</span> <span class='ocrx_word' id='word_1_374' title='bbox 1618 1922 1683 1960; x_wconf 87' lang='lat' dir='ltr'>Qua</span> <span class='ocrx_word' id='word_1_375' title='bbox 1709 1922 1744 1950; x_wconf 83' lang='lat' dir='ltr'>dc</span> 
     </span>
     <span class='ocr_line' id='line_1_36' title="bbox 228 1967 1745 2016; baseline 0.005 -22"><span class='ocrx_word' id='word_1_376' title='bbox 228 1974 331 2016; x_wconf 70' lang='lat' dir='ltr'>caussa</span> <span class='ocrx_word' id='word_1_377' title='bbox 353 1967 489 2004; x_wconf 81' lang='lat' dir='ltr'>minorem</span> <span class='ocrx_word' id='word_1_378' title='bbox 511 1971 623 2007; x_wconf 82' lang='lat' dir='ltr'>copiam</span> <span class='ocrx_word' id='word_1_379' title='bbox 648 1974 728 2010; x_wconf 84' lang='lat' dir='ltr'>ejus,</span> <span class='ocrx_word' id='word_1_380' title='bbox 756 1976 834 2010; x_wconf 80' lang='lat' dir='ltr'>quod</span> <span class='ocrx_word' id='word_1_381' title='bbox 858 1983 873 2003; x_wconf 83' lang='lat' dir='ltr'>a</span> <span class='ocrx_word' id='word_1_382' title='bbox 895 1976 1017 2005; x_wconf 72' lang='lat' dir='ltr'>Graccis</span> <span class='ocrx_word' id='word_1_383' title='bbox 1038 1978 1134 2013; x_wconf 70' lang='lat' dir='ltr'>poetis</span> <span class='ocrx_word' id='word_1_384' title='bbox 1157 1976 1268 2005; x_wconf 85' lang='lat' dir='ltr'>Noster</span> <span class='ocrx_word' id='word_1_385' title='bbox 1291 1974 1451 2010; x_wconf 78' lang='lat' dir='ltr'>desumsit,</span> <span class='ocrx_word' id='word_1_386' title='bbox 1482 1981 1566 2010; x_wconf 83' lang='lat' dir='ltr'>quam</span> <span class='ocrx_word' id='word_1_387' title='bbox 1588 1973 1649 2010; x_wconf 85' lang='lat' dir='ltr'>ejus</span> <span class='ocrx_word' id='word_1_388' title='bbox 1665 1973 1745 2009; x_wconf 89' lang='lat' dir='ltr'>quod</span> 
     </span>
     <span class='ocr_line' id='line_1_37' title="bbox 232 2030 1748 2054; baseline 0.012 -18"><span class='ocrx_word' id='word_1_389' title='bbox 232 2032 238 2036; x_wconf 92' lang='lat'><em>.</em></span> <span class='ocrx_word' id='word_1_390' title='bbox 971 2031 977 2034; x_wconf 89' lang='lat'><em>-</em></span> <span class='ocrx_word' id='word_1_391' title='bbox 1711 2030 1748 2054; x_wconf 61' lang='grc' dir='ltr'><strong><em>Β</em></strong></span> 
     </span>
    </p>
   </div>
   <div class='ocr_carea' id='block_1_4' title="bbox 1850 481 1913 2427">
    <p class='ocr_par' dir='ltr' id='par_1_5' title="bbox 1850 481 1913 2427">
     <span class='ocr_line' id='line_1_38' title="bbox 1850 481 1913 2427; baseline 0 0"><span class='ocrx_word' id='word_1_392' title='bbox 1850 481 1913 2427; x_wconf 95' lang='lat' dir='ltr'> </span> 
     </span>
    </p>
   </div>
  </div>
 </body>
</html>
