1913 2427
732 132 1117 166 onArlo..
1642 144 1659 177 7

190 238 303 272 vtudine
327 239 449 267 vestros
482 229 591 263 oculos
620 229 808 272 animosque
839 228 1047 272 percellerent
1064 250 1073 266 ‚
1105 233 1136 258 et
1165 226 1336 257 maximam
1372 226 1467 257 simul
1493 227 1655 259 literarum

166 283 397 327 'Orientalium
427 289 613 331 dignitatem
646 288 680 317 in
699 286 883 317 ‘clarissima
907 285 977 316 luce
1000 283 1200 316 collocarent.
1255 285 1361 323 Quare
1389 295 1464 314 cnm
1486 285 1566 315 mihi
1589 286 1654 316 cxi-

184 354 250 384 mia
267 358 411 393 quaeque
428 356 534 377 rernm
556 343 768 375 Orientalium
787 349 951 373 momenta
969 342 1096 372 attentis
1116 341 1222 371 oeulis·
1237 340 1465 383 perlustranti,
1489 341 1570 372 nihil
1589 353 1656 373 ma-

181 409 258 451 ju's,
287 405 369 437 nihil
390 401 657 444 contemplatione
684 399 813 442 dignius
840 399 1021 435 videretur,
1049 409 1150 440 quam
1181 397 1366 428 admiranda
1397 397 1450 428 illa
1472 397 1656 429 Islamiticae

183 461 417 507 superstitionis
443 466 473 490 et
510 458 570 488 late
600 455 716 488 diffusa
742 456 911 499 potentia3
944 456 985 485 ita
1014 455 1217 498 potissimum
1237 461 1268 485 et
1296 465 1382 485 meae
1404 465 1557 497 personae
1578 466 1653 486 con-

177 521 350 552 've'niente'r
378 523 409 548 et
437 515 597 546 auditioni
619 520 740 545 vestrae
771 511 1008 544 accommodate
1040 522 1091 542 me
1123 511 1285 542 dicturum
1316 522 1382 542 esse
1414 511 1608 549 existimavi,
1630 512 1656 542 si

186 576 273 609 bona
300 581 402 607 vestra
430 582 505 603 cum
530 571 642 610 venia,
672 572 709 602 A.
726 571 764 601 A.
798 570 854 601 hac
880 568 1012 612 quidem
1045 569 1214 599 occasione
1241 567 1408 598 vobiscum
1435 579 1580 611 agerem:
1614 567 1655 599 de

186 632 336 675 religione
364 627 649 666 Mohammedica‚
670 637 786 669 magno
808 628 929 656 virtutc's
962 624 1093 656 bellicae
1120 623 1211 667 apud
1238 624 1410 655 orientales
1441 626 1655 660 incitamento.

186 689 287 731 Cujus
310 692 489 730 argumenti
512 685 592 716 ratio
615 695 688 715 cum
720 684 761 714 sit
785 682 967 724 ejusmodi,
1000 689 1037 713 ut
1060 682 1141 713 nihil
1172 681 1346 712 admodum
1377 682 1474 718 novi,
1505 682 1584 713 nihil
1607 683 1655 713 in.

185 745 286 776 auditi
314 743 354 774 ad
382 749 519 774 vestram
550 741 698 772 notitiam
729 738 870 783 proferre
904 740 1025 783 possim
1039 751 1053 778 3⁷
1078 749 1149 770 eam
1178 745 1284 768 tamen
1313 737 1486 769 utilitatem·
1514 746 1544 769 et
1575 740 1655 771 mihi

184 801 323 839 dicenti,
344 806 376 831 et
403 799 495 831 vobis
523 796 726 829 audienti-bus
754 803 912 839 praestare
936 797 1070 839 poterit,
1102 802 1139 826 ut
1166 796 1241 827 haec
1267 795 1388 833 oratio,
1420 805 1501 838 quae
1520 802 1656 827 caetero-

185 859 284 901 quin,
315 863 444 899 propter
474 865 577 886 meam
609 853 796 891 infantiam,
830 853 964 884 minime
987 852 1080 884 vobis
1111 859 1178 883 erat
1204 852 1376 895 placit-ura,
1401 852 1550 884 nonnihil
1579 853 1658 884 lueis

185 921 216 945 et
238 914 355 957 gratiae
377 912 416 943 ab
443 913 510 955 ipsa
536 912 688 954 gravitate
710 921 818 941 rerum
846 915 876 940 et
900 908 1041 952 pondere
1063 915 1240 941 mutuetur.
1285 909 1374 947 Quae
1398 918 1473 938 cum
1501 909 1543 938 ita
1572 909 1654 946 sint,

184 981 203 1002 a
229 970 339 1008 vobis,
363 971 400 1001 A.
419 971 456 1001 A.
479 969 575 1000 etiam
602 975 697 1011 atque
717 969 814 999 etiam
835 973 926 1010 peto,
952 972 988 996 ut
1011 966 1110 1004 mihi,
1132 975 1218 996 meas
1237 965 1375 996 rationes
1397 964 1582 1008 singulatim
1604 977 1657 997 v-o·

182 1026 232 1058 his
257 1026 453 1070 exponenti,
476 1025 604 1068 linguis.
620 1025 816 1068 auribusque
840 1023 986 1055 faveatisw
1398 1068 1401 1071 ι

228 1082 316 1113 Nihil
359 1084 478 1112 nostris
515 1081 649 1119 animis,
681 1082 788 1112 varias-
815 1090 923 1111 rerum
962 1081 1175 1112 humanarum
1213 1079 1454 1112 vicissitudines.
1479 1081 1665 1112 conversio-⁷

182 1149 303 1182 nesque
331 1137 599 1181 perlustrantibus
620 1160 629 1175 ‚
659 1137 713 1168 illa
747 1137 940 1179 cogitatione
975 1137 1140 1169 molestius
1170 1138 1356 1180 tristiusqne
1393 1137 1471 1169 solet
1501 1138 1659 1177 accidere,

182 1196 272 1240 quod
299 1196 470 1232 homines,
502 1205 566 1237 qua
593 1200 669 1225 sunt
694 1194 884 1234 iniquitate,
915 1193 954 1223 iis
977 1193 1114 1224 maxime
1146 1193 1309 1224 beneficiis
1330 1194 1429 1237 vulgo
1455 1194 1544 1226 abuti
1569 1195 1656 1227 vide·

181 1264 276 1292 mus,
308 1263 390 1296 quae
415 1252 623 1294 praecipuum
654 1262 674 1281 a
704 1251 823 1281 summi
850 1251 1000 1282 Numinis
1030 1251 1231 1294 providentia
1264 1251 1388 1282 donum
1419 1252 1482 1283 illis
1506 1260 1537 1284 et
1563 1264 1656 1285 orna·

155 1327 159 1331 -
181 1317 329 1341 mentum
352 1314 560 1340 accesserunt.
606 1307 693 1348 Quid
719 1309 842 1339 ratione
865 1307 1078 1351 praeclarius?
1110 1307 1188 1351 quid
1216 1308 1371 1352 religione
1396 1310 1583 1352 augustius?
1618 1312 1658 1342 Et

182 1372 290 1398 tamen
310 1364 396 1397 haud
418 1366 503 1404 scio,
528 1376 568 1396 an
595 1371 730 1407 utraque
755 1365 880 1408 saepius
901 1364 935 1394 in
960 1371 1102 1396 nostram
1124 1366 1298 1408 perniciem
1313 1390 1321 1405 ‚
1345 1377 1442 1409 quam
1460 1367 1659 1399 emolumen-

155 1440 157 1443 ·
182 1428 253 1453 tum
284 1422 421 1454 cesserit.
473 1423 604 1464 Quippe
630 1423 719 1453 ratio·
749 1433 815 1453 non
845 1421 945 1452 semet
973 1422 1186 1464 procreandae
1215 1424 1376 1462 insaniae,
1407 1423 1658 1466 eorrumpendae

184 1479 278 1510 etiam
305 1478 455 1521 religioni
489 1485 520 1510 et
548 1478 700 1509 delendae
739 1479 902 1510 inserviit:
940 1478 1132 1521 religionem
1170 1490 1250 1511 vero
1272 1479 1312 1511 ad
1340 1479 1566 1519 ambitionem,
1598 1491 1670 1512 ma·-

183 1535 303 1575 utiam,
326 1535 450 1572 verbo,
464 1535 507 1566 ad
527 1535 636 1566 omnia
659 1535 804 1567 facinora>
820 1535 942 1567 tuenda>
959 1543 990 1567 et
1010 1535 1215 1579 propaganda
1235 1537 1348 1567 miseri>
1364 1536 1515 1568 mortales
1532 1548 1659 1569 conver-

183 1597 303 1623 terunt.
351 1592 459 1631 Quid?
483 1593 555 1635 ipsa·
572 1593 750 1624 Christiana
770 1592 868 1628 fides,
891 1594 1008 1624 eximia
1036 1594 1163 1625 divinae
1196 1593 1403 1636 benignitatis
1427 1594 1582 1637 interpres
1607 1606 1658 1626 ea-

185 1649 258 1680 dem
290 1655 323 1680 et
346 1649 547 1680 conciliatrix
565 1674 576 1691 ‚
605 1657 716 1692 gentes
744 1661 996 1693 nonnumquam
1025 1651 1062 1681 in
1095 1657 1246 1682 mutuam-
1273 1650 1401 1693 caedem
1431 1657 1463 1682 et
1493 1651 1667 1683 interitum—

184 1706 336 1744 armavit,
360 1704 471 1738 fratres
496 1707 530 1737 in
553 1705 689 1738 fratrum
712 1707 831 1738 viscera
854 1710 992 1745 saevire,
1016 1710 1163 1751 parentes
1184 1707 1358 1739 liberorum
1378 1708 1562 1750 adspectum
1582 1708 1658 1740 abo-

184 1764 302 1794 minari
317 1762 427 1794 docuit
440 1787 451 1803 ,
475 1764 736 1806 conjugesetiam
760 1774 777 1794 a
801 1765 980 1807 conjugum
998 1764 1146 1807 amplexu
1175 1771 1206 1795 et
1224 1776 1331 1795 amore
1355 1765 1472 1796 avulsit
1492 1771 1523 1795 et
1543 1764 1661 1796 aliena·

185 1821 254 1851 vit?
296 1819 393 1860 Quod
415 1821 442 1851 si
463 1821 565 1858 haec„
586 1830 669 1862 quae
693 1821 727 1850 in
755 1826 852 1851 terras
875 1831 892 1851 e
919 1820 1009 1852 coelo
1038 1820 1237 1852 descendisse
1269 1820 1455 1859 videbatur,
1486 1827 1528 1852 ut·
1548 1821 1661 1852 firmis-

185 1878 267 1907 simo
289 1876 374 1919 pacis
396 1877 596 1919 caritatisque
618 1875 750 1907 vinculo
773 1875 1006 1908 diversissimas
1029 1877 1174 1908 nationes
1191 1877 1417 1920 obstringeret,
1441 1877 1557 1921 quodsi
1571 1879 1660 1916 haec,

187 1933 338 1976 inquam,
370 1932 533 1964 cultorum
559 1943 693 1965 suorum
715 1933 919 1976 perversitate
935 1956 946 1973 ‚
981 1945 999 1964 a
1026 1932 1176 1964 caedibus
1204 1939 1236 1964 et
1268 1933 1424 1977 sanguine
1449 1944 1516 1965 non
1534 1933 1661 1964 intami-

1612 2000 1668 2024 na·
