1913 2427
471 135 956 179 n1ngRTAT1o
1021 145 1367 181 suntnch
1632 149 1678 189 43

160 235 230 265 tatis
252 241 339 271 atque
360 234 462 270 urbis,
490 241 524 264 ut
549 233 588 263 sit
618 233 704 262 libera
727 238 754 261 et
778 239 838 260 non
872 230 986 260 solicita
1013 240 1081 261 suae
1117 233 1157 262 rei
1178 234 1320 271 cujusque
1345 234 1493 265 custodia:
1521 244 1613 273 neque
1633 237 1668 265 il-

158 287 234 322 lam,
261 295 347 322 quam
376 292 500 322 putant,
529 290 748 321 consequuntur
775 282 904 319 gratiam.
951 282 1062 312 Laudat
1088 284 1177 321 igitur
1203 285 1273 314 satis
1304 291 1405 314 notum
1435 287 1528 315 Arati
1543 288 1667 325 Sicyonii

157 337 256 366 nobile
280 336 410 373 factum,
437 337 487 373 qui
511 345 571 366 non
594 337 680 365 modo
704 334 822 372 patriam
846 343 865 369 a,
881 334 1008 371 tyrannis
1030 335 1179 371 liberavit,
1209 337 1257 365 sed
1281 337 1415 366 omnibus
1441 338 1480 366 ita
1510 339 1662 368 consulen-

153 388 226 417 dum
248 389 382 424 putavit,
411 394 444 416 ut
475 396 575 417 omnes
605 387 762 417 concordes
790 386 852 414 sine
883 387 996 421 querela
1024 386 1201 416 discederent
1225 388 1321 426 (37).
1369 389 1412 418 60.
1443 388 1551 418 Deinde
1574 398 1609 418 ne
1629 391 1670 419 sit

156 447 203 467 aes
225 439 367 475 alienum,
390 440 470 475 quod
492 440 563 475 reip.
588 444 707 473 noceat,
730 437 938 473 providendum
962 443 1020 466 est:
1044 439 1121 473 quod
1144 439 1242 468 multis
1263 440 1422 468 rationibus
1440 441 1531 469 caveri
1546 447 1667 477 potestg,

156 490 187 518 id
208 491 288 525 quod
307 490 368 518 fieri
395 498 454 519 non
467 497 589 527 posset,
609 489 635 518 si
654 497 710 517 rcm
731 488 777 517 sic
796 487 998 525 instituerent,
1025 495 1058 517 ut
1077 490 1235 526 locupletes
1258 499 1343 520 suum
1367 493 1504 528 perdant,
1525 493 1669 521 debitores

156 540 305 569 lucrentur
323 540 458 570 alienum.
499 541 592 570 Nulla
616 541 692 569 enim
711 548 760 568 τες
785 539 983 568 vehementius
1007 548 1098 576 remp.
1123 541 1269 578 continet,
1291 550 1376 578 quam
1398 543 1486 580 fides;
1511 552 1583 580 quae
1603 553 1667 573 esse

159 591 239 619 nulla
262 598 381 628 potest„
402 592 459 624 nisi
484 593 537 621 erit
555 591 714 621 necessaria
735 589 843 619 solutio
875 598 967 619 rerum
999 592 1187 621 creditarum:
1216 599 1357 629 praeterea
1383 595 1607 631 quibuscunque
1629 603 1673 624 re-

158 642 238 677 bus,
258 643 304 671 vel
321 643 410 679 belli,
430 645 476 672 vel
492 643 590 677 domi,
611 648 751 678 poterunt
765 649 856 677 remp.
878 649 987 678 augere=
1002 642 1138 678 imperio,
1158 643 1253 680 agt1s‚
1274 645 1478 681 vectigalibus.
1518 646 1595 675 Haec
1623 655 1670 683 ge-

156 701 223 722 nera
242 693 409 723 Officiorum
427 695 477 729 qui
494 698 726 729 persequuntur,
749 700 816 720 cum
844 699 954 719 summa
969 692 1041 728 reip.
1066 693 1189 721 utilitate
1213 702 1341 730 magnam
1366 695 1422 723 sibi
1445 697 1587 731 parabunt
1611 705 1674 734 gra-

155 743 225 772 tiam
253 751 281 772 et
310 745 441 781 gloriam.
489 744 524 773 In
553 744 599 772 his
627 749 719 772 autem
751 741 908 771 utilitatum
940 743 1099 779 praeceptis
1126 744 1287 782 Antipater
1315 745 1418 782 Tyrius
1448 746 1560 775 Stoicus
1589 749 1675 786 (38)

155 795 216 834 duo
243 795 392 831 praeterita
417 801 514 825 censet
544 803 559 823 a
587 793 752 829 Panaetio,
778 793 950 822 valetudinis
977 793 1044 823 scil.
1070 795 1247 825 curationem
1274 802 1302 825 et
1319 796 1467 833 pecuniae.
1515 798 1570 826 Sed
1596 799 1671 835 has,

152 846 290 881 quamvis
313 845 418 882 utiles,
439 854 454 875 a
474 846 617 875 Panaetio
641 837 704 875 ideo
729 836 893 882 praeteritas
915 851 1012 874 censet
1035 845 1152 882 Cicero,
1173 847 1254 884 quod
1275 855 1327 884 per
1350 856 1380 877 se
1400 848 1548 878 intellectu
1569 856 1666 880 essent

153 896 264 926 faciles.
304 897 385 935 Quae
407 903 501 926 autem
527 898 561 927 de
586 897 623 926 iis
649 897 765 934 adjicit,
787 896 934 925 intellectu
959 902 1027 925 sunt
1052 896 1188 927 facillima
1209 899 1307 937 (39).

192 948 250 977 Pro
273 947 402 977 instituti
422 955 542 985 natura,
563 949 593 978 in
613 949 669 978 fine
693 949 780 985 hujus
804 947 889 983 libri,
919 947 1016 985 adjicit
1036 948 1195 980 utilitatum
1218 951 1480 988 comparationem,
1505 961 1524 981 ‹a
1556 952 1672 982 Panae-

156 1000 199 1028 tio
225 999 373 1029 omissam.
412 999 446 1028 In
470 1000 522 1029 hac
546 1007 640 1029 autem
670 999 901 1037 comparatione,
929 1008 996 1028 cum
1020 1001 1066 1029 vel
1090 1006 1205 1030 externa
1232 1004 1385 1033 commoda
1411 1012 1477 1033 cum
1497 1004 1668 1040 corporeis,

156 1051 204 1080 vel
224 1051 357 1087 eorporis
382 1053 534 1081 commoda
554 1061 620 1081 cum
643 1051 785 1087 externis,
810 1057 839 1080 et
855 1051 918 1087 ipsa
940 1050 1012 1080 inter
1029 1059 1060 1081 se
1082 1053 1235 1089 corporis,
1255 1059 1283 1082 et
1302 1061 1416 1085 externa
1439 1063 1506 1084 cum
1525 1055 1672 1092 externis,

156 1109 378 1139 comparentur,
407 1111 466 1133 non
494 1103 613 1133 dubium
637 1112 700 1132 esse
719 1102 907 1140 pronuntiat,
936 1102 1008 1139 quin
1027 1103 1117 1142 major
1130 1104 1239 1135 utilitas
1258 1105 1347 1137 mino
1338 1106 1362 1136 i
1386 1106 1426 1137 sit
1449 1107 1667 1145 anteponenda;

160 1144 213 1185 hac
228 1161 321 1184 tamen
342 1155 480 1192 1ege‚ne
499 1156 534 1185 ab
560 1156 684 1186 honesto
704 1155 869 1185 deflectatur
891 1155 992 1193 (40).
1679 1163 1683 1165 “

183 1261 246 1290 (37)
262 1263 306 1285 etc.
321 1263 346 1283 aa
361 1261 406 1290 off.
422 1263 456 1289 11,
470 1268 507 1290 23.
537 1264 572 1286 De
585 1265 631 1287 hoe
642 1263 706 1287 Arati
719 1264 781 1286 facto
793 1263 841 1286 vid.
857 1262 982 1291 Plutarchus
993 1263 1016 1283 in
1026 1263 1069 1288 ejus
1081 1261 1135 1289 vm.
1666 1295 1675 1302 Ἰ

183 1303 253 1332 (33)
265 1303 373 1326 DIversus
389 1309 424 1326 est
443 1305 471 1326 ab
485 1306 558 1327 altero
577 1307 692 1334 Antipatro
713 1306 821 1330 Tarsonn',
837 1304 978 1334 philosopho
996 1303 1076 1330 Statu,
1105 1305 1206 1331 Diogenis
1220 1304 1354 1333 discipulo,
1376 1307 1406 1329 de
1426 1312 1474 1335 quo
1492 1308 1541 1335 111.
1559 1314 1595 1332 η.
1625 1307 1670 1333 Ac.

151 1344 239 1374 Qum.
252 1345 296 1371 w,
312 1351 349 1371 47.
363 1349 387 1366 et
401 1344 449 1365 Van
460 1346 542 1371 Lyndsn
556 1347 616 1368 Dm.
629 1347 684 1369 laud.
707 1353 730 1373 p.
747 1352 772 1372 33
789 1352 838 1372 sqq.
869 1343 1008 1373 Antipatrum
1022 1346 1105 1372 Tyria-1
1123 1345 1210 1369 vixisse
1219 1338 1302 1376 'Obtusa
1317 1347 1417 1372 CLXXX
1432 1348 1562 1378 existlmat,
1584 1354 1614 1372 ex
1626 1350 1672 1374 hoc

152 1384 260 1406 ciceronis
270 1385 341 1411 loco,
363 1384 484 1412 Jonstusae
497 1386 586 1412 Scrrptt.
604 1387 662 1408 Hm.
680 1387 757 1408 Philas.
779 1387 806 1408 L.
821 1388 840 1408 1.
863 1391 885 1406 c.
903 1391 937 1411 η.
959 1392 982 1413 p.
997 1390 1033 1412 7¹.

179 1423 195 1451 (
204 1423 300 1453 39)-De
315 1425 360 1452 off.
375 1425 409 1451 11,
423 1431 461 1451 24„
488 1426 528 1448 Cf·
546 1427 631 1454 carra,
645 1429 708 1450 Anu.
733 1427 760 1450 Τ.
772 1428 811 1450 111,
833 1435 856 1455 p.
867 1433 909 1454 215
925 1434 992 1455 sqq„
1013 1433 1037 1449 et
1054 1427 1093 1454 alii
1107 1427 1252 1457 interpretes·

180 1465 249 1496 (4⁰)
264 1468 308 1490 cic.
323 1466 365 1494 Off:
381 1467 416 1496 u,
431 1473 465 1494 2⁵.
497 1468 537 1500 Cf.
553 1469 646 1500 lurorpp.
662 1474 683 1491 ιι
702 1470 786 1497 Gamo,
801 1469 861 1492 dnm.
888 1470 957 1493 Tom.
970 1469 1009 1492 111.
1031 1475 1056 1498 p.
1069 1473 1112 1491 220
1127 1475 1161 1497 sq.

899 1975 928 2018 ⁴F
946 1985 967 2011 ι
1527 1976 1670 2011 CAPUT
