1913 2427
328 145 805 180 DISSERTATIO
870 131 1409 182 PHILOSOPH‘ICA.
1586 151 1630 186 63

116 237 251 266 videntur
274 235 342 263 haec
364 233 505 270 principia
528 233 645 261 dicenda
669 240 733 261 esse
761 231 799 260 ita
824 233 945 270 prima,
978 231 1017 261 ut'
1035 217 1200 264 c'o'ii'tineant
1225 235 1326 264 ultima
1352 243 1467 266 naturae
1492 238 1619 267 decreta:

108 288 149 317 ita
166 288 333 325 proxime·a
350 291 461 314 natura
476 284 690 323 p7·0fi⁷cta‚⁴11t
714 283 759 312 his
785 283 858 319 ipsis
886 284 967 319 quasi
994 285 1139 315 elementis
1164 293 1191 315 et
1222 287 1397 317 lineamentis
1428 297 1542 318 naturae
1565 290 1621 319 effi-

107 339 169 375 gies
193 337 369 366 delineetur:
392 337 430 364 ita
451 345 542 370 vera,
564 342 597 363 ut
617 341 736 369 natura,
765 342 820 370 qua
844 335 915 363 duce
937 337 1020 364 errari
1048 338 1130 366 nullo
1153 345 1238 374 pacto
1264 346 1379 375 potest,
1409 340 1473 376 ipsa
1495 341 1620 370 innitan-

107 396 174 425 tur,
202 395 288 424 atque
312 397 344 417 ex
367 396 396 416 ea
420 386 537 416 nonnisi
562 387 708 422 depromta
731 385 807 414 sint:
837 385 875 414 ita
894 388 1050 425 perspicua
1071 395 1157 424 atque
1179 389 1341 426 evidentia,
1368 397 1420 426 ut,
1449 400 1503 428 ope
1523 393 1619 430 justae

106 447 135 469 et
155 440 295 477 legitimae
317 437 537 471 conclusioni5‚
558 438 653 466 omnia
678 437 776 466 exinde
797 437 887 466 officia
910 437 1046 468 facillime
1065 441 1238 476 efficiantur3
1269 443 1505 477 quemadmodum
1534 444 1563 472 id
1585 452 1619 473 ex

108 491 244 520 Cicerone
268 491 380 519 abunde
405 489 604 524 ostendimus;
639 488 747 524 quique
772 497 816 517 eas
838 497 897 517 non
925 491 1081 527 percipiat,
1111 491 1167 520 sibi
1190 492 1247 528 ipsi
1277 501 1433 530 repugnare
1459 496 1620 524 censendus

106 545 164 573 sit:
186 543 225 570 ita
249 548 347 576 certa,
369 548 419 576 ut,
449 540 585 576 quamdiu
611 541 698 569 homo
726 549 759 569 ex
793 541 908 569 homine
937 550 997 570 non
1029 543 1171 577 tollatur,
1207 543 1416 580 principiorum
1450 551 1628 574 nostrorum'

105 595 256 623 immutata
279 599 388 621 maneat
411 599 497 627 atque
519 591 596 619 firma
621 591 711 620 ratio:
735 591 774 619 ita
797 592 996 627 universalia,
1018 599 1050 621 ut
1073 602 1171 621 omnes
1193 595 1310 623 omnino
1330 595 1481 631 homines,
1503 603 1620 631 status,

106 652 250 681 tempora,
273 644 517 680 complectantur,
539 642 706 678 nullisque,
727 642 788 670 sive
806 651 869 679 erga
883 643 1097 679 nosmetipsos,
1120 643 1180 672 sive
1197 651 1274 672 extra
1292 653 1345 674 nos
1357 667 1367 681 ,
1391 646 1544 682 implendis
1559 648 1620 676 offi-

103 697 158 726 ciis
182 697 264 725 detur
279 697 382 730 locus,
406 694 513 731 quibus
537 693 658 731 singulis
683 694 711 722 in
735 702 794 722 uno
818 695 942 723 alterove
966 703 1063 723 eorum
1082 694 1228 723 initlorum
1251 704 1309 724 non
1338 697 1412 725 adsit
1441 697 1509 726 fons
1532 705 1619 733 arque

105 747 203 783 origo:
226 747 296 775 adeo
321 753 384 782 apta
407 746 530 781 denique
553 746 588 774 ad
605 745 701 774 onmia
724 745 880 774 officiorum
899 754 998 782 genera
1017 747 1225 784 cognoscenda,
1249 754 1282 775 ut
1301 748 1414 783 liquido
1436 758 1469 778 ex
1492 750 1525 778 iis
1549 750 1620 779 effici

102 800 228 837 possit,
256 799 326 834 quid
351 797 389 826 sit
420 797 564 832 officium,
594 805 666 832 quae
694 797 794 833 actio,
829 796 943 832 quinam
976 797 1100 833 ejusdem
1130 805 1193 825 cum
1223 798 1345 827 humana
1377 807 1476 829 natura
1501 809 1591 830 nexus
1609 821 1620 836 ,

104 851 176 887 quid
199 851 269 879 adeo
294 849 476 884 faciendum,
508 848 578 884 quid
601 847 809 884 omittendum;
840 856 997 883 omnesque
1019 848 1138 877 omnino
1156 849 1303 878 doctrinae
1329 851 1445 880 moralis
1469 860 1563 888 partes
1582 853 1623 881 ita

105 910 139 931 ex
162 902 199 930 iis
221 901 437 937 intelligantur,
466 907 624 934 eorumque
646 900 733 935 ordo,
763 899 957 935 cohaerentia,
985 908 1144 929 consensus
1176 907 1203 928 ct
1224 900 1413 937 discrepantia
1445 903 1624 939 perspician-

102 957 170 988 tur,
193 948 321 987 suisque
334 950 464 988 singulae
482 950 677 979 fundamentis
701 957 737 983 etr
749 951 924 988 argumentis
947 951 1159 987 sustineantur,
1180 958 1213 980 ut
1233 953 1386 988 disciplina
1404 954 1469 983 inde
1491 955 1618 990 oriatur,

102 1010 176 1040 quae
192 1000 226 1032 ex
245 1002 353 1031 talibus
377 1002 530 1038 principiis
546 1009 662 1038 potest,
685 1003 864 1039 certissima,
885 1003 999 1038 sibique
1018 1009 1157 1033 constans
1180 1003 1299 1033 omnino
1321 1011 1349 1033 et
1368 1006 1542 1043 coniuncta:
1565 1014 1624 1043 qua

103 1061 178 1084 certe
206 1054 317 1090 optime
344 1054 390 1083 via
414 1054 552 1083 sternitur
579 1055 614 1083 ad
646 1061 761 1083 naturae
790 1054 861 1084 fines
886 1055 1094 1092 adipiscendos.

137 1105 193 1134 Sed
208 1100 284 1134 forte
299 1100 437 1142 objiciant
451 1105 536 1134 nobis
552 1105 625 1142 (cui
646 1106 743 1134 Cicero
761 1114 879 1142 quoque
896 1107 1055 1144 objectioni
1078 1109 1283 1137 occurrendum
1307 1110 1448 1148 putavit)
1463 1131 1473 1146 ,
1497 1118 1622 1146 „nonne

20 1154 26 1173 ¹
110 1177 130 1193 „
142 1156 198 1186 sibi
217 1157 331 1193 saepius
347 1163 507 1193 repugnent
528 1157 596 1185 haec
614 1157 724 1185 diversa
741 1157 902 1194 principia,
925 1160 985 1187 sive
1003 1160 1101 1188 saitem
1119 1161 1257 1196 pleraque
1281 1169 1315 1189 ex
1331 1161 1452 1190 diversis
1470 1162 1624 1198 principiis

18 1215 50 1240 ,Γ
105 1231 124 1246 ,,
136 1208 260 1238 derivata
278 1207 420 1237 oflicia?'’
443 1208 544 1244 Itaque
557 1217 646 1244 pauca
661 1210 796 1245 quaedam
812 1211 846 1239 de
861 1210 972 1247 haere,
992 1211 1083 1247 deque
1096 1212 1210 1248 egregio
1227 1219 1396 1242 nostrorum
1412 1212 1621 1249 principiorum

22 1259 24 1262 ’
100 1268 269 1295 consensu,
301 1260 450 1288 addamus.

144 1310 243 1340 Cicero
268 1310 358 1347 igitur
371 1331 382 1346 ,
407 1311 565 1340 doctrinam
582 1313 735 1347 moralem,
757 1312 803 1341 his
826 1311 916 1342 initiis
940 1320 1135 1350 exstructam,
1157 1315 1193 1344 ab
1219 1322 1248 1343 ea
1268 1314 1430 1352 obJ'ectione
1451 1315 1619 1351 vindicans,

100 1362 182 1398 quasi
202 1361 361 1390 officiorum
386 1369 484 1399 pugna
509 1370 572 1392 esse
587 1363 698 1398 possit:
721 1362 780 1398 (de
806 1362 880 1400 Offic.
906 1363 945 1393 L.
966 1365 1017 1394 ΠΙ.
1039 1366 1170 1404 passim)
1190 1366 1240 1395 has
1263 1367 1373 1402 regulas
1392 1366 1507 1401 statuit3
1531 1366 1623 1394 detra-

98 1413 165 1442 here
184 1413 295 1449 aliquid
309 1413 408 1448 alteri,
433 1420 461 1441 et
481 1413 597 1442 alterius
618 1413 804 1442 incommodo
823 1423 907 1443 suum
925 1424 1026 1452 augere
1047 1407 1228 1445 commodum
1240 1437 1250 1451 ‚
1273 1424 1336 1444 esse
1350 1422 1449 1445 contra
1471 1422 1619 1445 naturam:

7 1477 12 1503 3
96 1473 151 1501 pro
173 1465 331 1493 multorum
357 1472 424 1492 vero
449 1464 648 1493 incolumitate
673 1473 700 1494 et
721 1467 812 1494 salute
839 1467 950 1495 labores
972 1474 999 1494 et
1026 1467 1172 1497 molestias
1197 1467 1341 1502 suscipere
1357 1467 1515 1496 secundum
1532 1473 1616 1496 natu-

97 1522 157 1543 ram
172 1523 235 1543 esse
252 1515 347 1551 (ibid.
366 1515 419 1545 ΙΙΙ.
437 1524 466 1551 4.
485 1517 546 1553 5.):
570 1517 660 1553 magis
672 1524 734 1546 esse
746 1518 903 1546 secundum
919 1524 1069 1553 naturam,
1090 1518 1206 1546 alterius
1227 1519 1346 1546 salutem
1371 1525 1438 1545 suae
1458 1518 1617 1554 praeferre,

98 1572 184 1603 quam
207 1560 324 1602 contra3
355 1575 446 1602 eoque
474 1567 566 1603 magis
584 1588 595 1603 ,
624 1567 649 1596 si
679 1568 861 1597 incolumitas
886 1569 1101 1602 universorum,
1122 1568 1283 1605 praesertim
1310 1568 1436 1605 gentium
1456 1575 1504 1597 aut
1524 1569 1617 1598 socie-

95 1616 180 1652 tatis,
196 1606 313 1654 agitur:
336 1625 370 1646 ex
385 1618 491 1653 quibus
509 1619 648 1655 efficitur,
667 1620 811 1648 hominem
822 1641 832 1655 ‚
854 1626 969 1648 naturae
986 1619 1162 1647 obedientem
1174 1641 1184 1655 ,
1206 1619 1320 1647 homini
1334 1627 1436 1647 nocere
1450 1628 1509 1647 non
1524 1628 1615 1656 posse

53 1657 60 1660 .
95 1668 160 1706 (ib.
180 1668 232 1697 ΙΙΙ.
255 1670 327 1706 5.);
353 1676 379 1697 et
402 1670 571 1705 communis]
590 1670 724 1699 utilitatis
742 1671 953 1699 derelictionem
978 1678 1041 1699 esse
1064 1678 1163 1699 contra
1187 1677 1328 1700 naturam.
1352 1669 1446 1706 (ibid.
1473 1678 1501 1700 c.
1520 1672 1577 1709 6.)

8 1675 15 1780 ι
127 1719 191 1749 'His
213 1720 310 1756 itaque
330 1720 456 1756 regulis,
478 1726 505 1749 et
526 1721 610 1756 quasi
634 1719 786 1757 formulis,
806 1721 975 1750 constitutis
990 1743 1000 1757 ‚
1026 1721 1124 1750 Cicero
1147 1721 1191 1755 (l.
1212 1730 1237 1751 c.
1263 1720 1441 1758 praesertim.
1463 1730 1489 1750 c.
1512 1723 1542 1750 6.
1566 1732 1614 1753 20.

96 1780 142 1807 24.
163 1771 234 1808 25.)
274 1771 381 1800 multas
405 1772 590 1807 quaestiones
613 1773 743 1809 excutit,
764 1773 792 1802 in
809 1774 920 1809 'quibus
936 1773 1123 1810 repugnantia
1142 1772 1275 1801 videntur
1299 1772 1408 1801 officia.
1431 1781 1504 1808 quas
1521 1779 1615 1803 tamen

99 1830 198 1851 omnes
222 1823 256 1850 ad
277 1829 393 1851 naturae
413 1823 502 1859 legem
515 1844 525 1859 ‚
547 1824 700 1860 eademque
715 1824 877 1862 principia,
902 1825 1006 1861 exigit,
1032 1825 1259 1860 scrupulnmque
1280 1832 1390 1852 ominem
1412 1824 1446 1852 de
1464 1824 1618 1854 collisione

98 1872 305 1909 principiorum
335 1880 362 1902 et
396 1874 555 1904 officiorum
591 1876 686 1905 animo
717 1877 834 1906 eximit:
863 1877 936 1905 inter
965 1884 1036 1912 quac
1070 1875 1095 1903 si
1125 1875 1272 1903 contentio
1303 1875 1370 1903 oriri
1397 1875 1543 1912 videatur,
1571 1883 1619 1907 res

98 1923 193 1954 statim
219 1924 346 1962 regulis,
371 1933 406 1955 ex
429 1925 528 1957 iisdem
550 1927 702 1967 principiis
726 1927 835 1959 effectis
858 1933 886 1957 et
909 1925 1095 1963 constitutis,
1117 1925 1290 1963 dijudicatur
1314 1931 1341 1954 et
1362 1924 1526 1955 conficitur.

1558 1974 1617 2003 Ve-
