1913 2427
295 170 660 207 COM'MENTATIO
690 183 738 203 nn
767 169 1004 205 MAC'HJNA‘
1027 173 1379 212 ATwooDIANA.
1558 179 1599 212 23

664 277 1003 313 οΕΜοΝετῐιᾸἹ-ιο.

74 374 77 376 ’
117 375 215 415 Quum
236 376 272 404 ad
294 375 400 412 Legem
419 374 548 411 proxime
572 374 784 411 praecedentem
807 373 1076 411 observaverimus,
1106 376 1196 413 spatia
1219 377 1275 406 hoc
1305 384 1388 406 motu
1412 379 1591 415 temporibus

78 425 255 455 successivis
283 434 417 462 percursa
445 434 508 454 esse
528 425 558 453 in
582 424 690 453 ratione
713 424 826 454 inversti
854 434 1035 455 numerorum
1061 427 1235 464 imparium,
1264 438 1413 465 quumque
1440 430 1532 465 spatia
1552 430 1594 459 di-

76 478 167 521 versis
188 475 365 513 temporibus
385 483 519 512 percursa
540 475 597 505 sint
627 484 752 504 summae
784 476 943 513 spatiorum
972 479 1146 508 successivis
1178 474 1361 517 temporibus
1375 490 1592 518 percursor-um,

75 536 204 557 summae
225 537 294 557 vero
319 536 500 557 numerorum
522 528 670 564 imparium
704 527 811 556 faciant
844 530 978 564 quadrata
1004 538 1186 559 numerorum
1210 532 1411 568 Naturalium,
1441 534 1592 569 sequitur,

74 569 168 616 Spatia
189 588 204 608 a
227 578 400 616 corporibus
424 578 696 615 perpendiculariter
719 578 753 607 in·
771 574 859 606 altuni
880 581 1016 618 projectis
1030 576 1173 618 vpercursa
1197 584 1265 619 esse}
1280 582 1355 611 iuter
1374 592 1404 612 se
1425 583 1455 613 in
1479 582 1590 614 ratione

74 633 187 675 inversa
207 634 409 669 quadratorum
431 639 592 670 temporum
620 638 728 662 motus.

1564 727 1581 739 v·

653 741 1006 766 EXPERIMENTUM.

110 826 194 856 Lanx
214 826 242 854 A
261 831 394 855 oneretur
417 825 542 862 pondere
563 825 613 862 24}
631 826 678 855 M.
696 826 803 855 lanx-B
822 826 946 863 pondere
967 826 1014 862 25}
1035 825 1081 854 M.
1130 826 1267 856 Annulus
1290 828 1315 856 C
1345 828 1379 857 ad
1404 830 1496 858 scalae
1517 830 1590 859 divi-

70 877 182 907 sionem
208 887 242 906 12
264 877 444 914 applicetur,
470 877 560 905 Lanci
581 879 609 906 A
629 878 795 914 imponatur
821 879 992 914 Parallelop.
1016 887 1032 906 2
1055 877 1101 906 M.
1141 877 1227 906 Tunc
1256 879 1357 908 haecce
1380 880 1446 909 lanx
1468 881 1591 910 demissa

63 936 155 958 -motu
175 928 355 958 uniformiter
376 929 530 957 accelerato
554 936 700 965 percurret
722 936 850 965 tempore
871 930 906 957 2⁰
925 928 1046 964 pollices
1073 937 1120 957 12.
1160 928 1275 966 Quodsi
1299 939 1376 959 nunc
1395 931 1499 961 efficere
1523 942 1594 969 pos-

64 989 192 1017 sumus,
213 987 246 1009 ut
265 981 381 1017 pondus
406 981 455 1016 26}
474 980 528 1015 M,
556 980 628 1008 lanei
652 980 680 1009 A
701 979 893 1016 impositum,
920 980 1018 1008 codem
1049 986 1215 1015 momento,
1238 990 1297 1017 quo
1314 982 1350 1012 ad
1370 984 1505 1012 annulum
1527 993 1590 1019 per.

68 1031 167 1067 venit,
186 1031 235 1061 fiat
258 1034 305 1068 25}
325 1032 371 1060 M.
402 1033 517 1067 pondus
542 1040 609 1064 vero
643 1032 734 1067 lancis
757 1032 849 1069 1226}
869 1031 916 1069 M.
948 1037 1017 1060 tunc
1044 1031 1118 1059 illud
1146 1032 1262 1067 pondus
1285 1032 1332 1069 252!
1351 1031 1397 1061 M.
1419 1041 1501 1062 motu
1526 1036 1589 1064 uui-

68 1082 200 1112 formiter
221 1083 379 1117 retardato,
405 1089 532 1118 tempore
556 1082 665 1116 aequali
690 1083 746 1116 2'',
767 1081 869 1110 iterum
897 1081 1020 1119 pollices
1047 1091 1081 1110 12
1106 1089 1253 1119 percurret
1275 1084 1472 1114 descendendo
1497 1094 1590 1122 usque

67 1134 103 1162 ad
127 1134 217 1162 scalae
238 1133 413 1162 divisionem
432 1142 486 1168 24,
509 1133 574 1161 inde
594 1142 661 1161 vero
685 1133 781 1161 statim
804 1133 967 1162 adscendet.
1009 1133 1064 1162 Sed
1082 1135 1147 1170 quia
1163 1135 1218 1163 hoc
1238 1135 1298 1164 fieri
1313 1136 1429 1172 nequit,
1451 1137 1486 1165 ad
1505 1137 1584 1166 aliud

67 1185 215 1222 quidpiam
235 1191 278 1213 est
301 1184 547 1221 confugiendum,
569 1191 600 1212 ut
620 1185 712 1220 Leges
737 1190 834 1213 motus
864 1184 993 1212 retardati
1022 1194 1078 1221 ope
1109 1187 1269 1215 Machinae
1293 1187 1498 1216 Atwoodianat:
1521 1197 1584 1224 per-

66 1236 132 1265 inde
148 1245 180 1265 ac
198 1236 291 1273 Leges
307 1242 404 1273 motus
425 1237 571 1265 accelerati
592 1236 797 1267 confirmentur
817 1245 903 1274 atque
921 1238 1113 1268 illustrentur.
1154 1239 1242 1278 Quod
1259 1240 1390 1275 sequenti
1410 1240 1470 1268 fieri
1489 1247 1586 1276 potest

62 1287 183 1317 ratione.

103 1338 349 1374 Parallelopipedo
372 1348 389 1366 2
408 1338 457 1366 M.
474 1345 544 1374 post
568 1340 605 1367 2'‘
627 1340 662 1367 ad
685 1340 776 1368 scalae
793 1341 965 1369 divisionem
986 1349 1019 1370 12
1043 1341 1072 1370 in
1086 1342 1194 1370 annulo
1214 1348 1391 1377 remanente,
1412 1349 1473 1371 tota
1491 1352 1583 1372 massa

64 1391 203 1420 movenda
221 1390 278 1427 Jam
301 1396 344 1418 est
368 1390 404 1417 62
426 1389 473 1417 M.
514 1389 572 1418 Est
587 1398 656 1418 vero
678 1391 710 1425 ’ἕξ
728 1400 765 1418 =
784 1392 877 1428 31¹0-
841 1415 876 1419 -
895 1392 991 1428 spatio
1007 1392 1064 1428 jam
1087 1401 1223 1429 percurso
1247 1400 1374 1428 tempore
1401 1395 1435 1421 1“
1456 1394 1520 1422 inde
1542 1395 1578 1423 ab

63 1441 146 1470 initio
180 1441 292 1477 lapsus.
338 1440 523 1470 Percurretur
563 1440 654 1477 igitur
687 1447 816 1478 ternpore
847 1445 882 1471 2‘
912 1443 1038 1478 spatium
1069 1452 1086 1479 4
1107 1445 1141 1478 ><
1164 1446 1228 1480 31¹⁶,
1258 1453 1308 1473 seu
1334 1446 1414 1479 12ru=
1449 1445 1494 1472 vel
1521 1448 1579 1483 ¹23²·

63 1492 170 1522 Verum
192 1492 337 1520 enimvero
367 1492 483 1527 pondus
518 1493 566 1527 25}
586 1492 621 1520 M
652 1501 711 1521 non
734 1493 886 1522 conabitur
909 1502 939 1521 se
960 1494 1012 1522 hac
1036 1495 1188 1523 velocitate
1210 1503 1323 1524 movere
1337 1516 1348 1530 ‚
1376 1494 1432 1522 nisi
1459 1503 1492 1523 eo
1517 1495 1584 1532 ipso

62 1550 228 1578 momento,
249 1551 309 1578 quo
332 1543 398 1571 lanx
420 1543 448 1570 A
471 1542 541 1571 satis
562 1543 724 1572 velocitatis
756 1544 896 1580 acceperit
925 1545 960 1573 ad
982 1545 1101 1581 duplum
1127 1545 1212 1581 spatii
1243 1553 1324 1574 motu
1344 1547 1500 1574 accelerato
1521 1555 1584 1583 per-

62 1595 160 1630 cursi,
188 1594 250 1623 sive
276 1594 399 1629 pollices
425 1603 458 1622 12
478 1595 512 1627 ><
536 1603 574 1629 2,
600 1595 645 1623 vel
668 1604 724 1630 24,
753 1602 837 1624 motu
867 1595 1006 1624 uniformi
1032 1598 1238 1632 percurrendos
1255 1618 1265 1632 ‚
1292 1604 1324 1625 ut
1352 1605 1417 1626 ante
1445 1598 1584 1627 vidimus.

59 1646 178 1676 Pondus
202 1644 291 1681 igitur
313 1645 387 1672 illud
409 1647 457 1680 25}
476 1645 522 1673 Μ.
551 1646 677 1674 destruet
700 1653 810 1675 tantum
836 1647 998 1676 velocitatis
1026 1647 1184 1683 acquisitae
1213 1657 1265 1684 per
1288 1650 1394 1677 lancem
1420 1650 1465 1685 A,
1495 1658 1586 1685 quan-

61 1703 124 1726 tum
154 1695 330 1725 resistentiae
360 1696 417 1732 ipsi
450 1702 603 1732 opponet,
633 1697 694 1726 sive
734 1699 849 1727 reducet
880 1698 1043 1727 velocitatis
1074 1698 1207 1727 effectum
1238 1707 1306 1736 post
1336 1707 1450 1737 tempus
1486 1703 1522 1729 2⁰
1550 1701 1586 1729 ad

64 1751 110 1787 11}
128 1758 165 1776 =
184 1757 220 1783 24
239 1764 278 1769 —-
302 1748 358 1786 12}-

99 1799 130 1829 Si
153 1800 242 1838 igitur
264 1799 390 1827 annulus
412 1799 447 1827 ad
470 1800 561 1828 scalae
581 1799 749 1829 divisionem
775 1809 809 1829 12
834 1800 1015 1837 applicetur,
1038 1807 1064 1829 et
1090 1800 1186 1830 tabula
1202 1802 1236 1830 ad
1254 1801 1427 1831 divisionem
1446 1805 1493 1841 23}
1513 1803 1578 1839 (in-

14 1887 20 1897 .
61 1857 188 1880 tererunt
209 1850 283 1879 enim
311 1857 379 1879 tune
406 1850 480 1878 inter
498 1851 634 1879 annulum
660 1858 686 1879 et
711 1851 836 1880 tabulam
864 1852 986 1888 pollices
1012 1854 1081 1891 1¹3)
1108 1859 1136 1881 et
1161 1853 1184 1881 si
1208 1862 1298 1889 porro
1323 1854 1357 1882 ad
1386 1854 1514 1882 attritum
1538 1863 1585 1882 ro-

61 1909 153 1931 tarum
180 1902 372 1937 vincendum,
402 1902 453 1938 qui
478 1902 506 1930 in
529 1902 585 1930 hoc
609 1902 813 1938 Experimento
838 1904 952 1941 major,
981 1912 1066 1939 quam
1089 1903 1117 1932 in
1143 1905 1244 1933 ceteris
1261 1925 1272 1940 ,
1298 1906 1372 1933 lanei
1393 1905 1420 1933 A
1444 1906 1583 1934 addantur

63 1961 146 1991 grana
169 1954 186 1982 6
210 1954 254 1982 vel
278 1955 313 1989 8,
341 1960 410 1982 tunc
435 1953 536 1982 haecce
564 1954 630 1982 lanx
660 1960 787 1990 tempore
815 1956 852 1984 ‘2¹'
875 1964 889 1983 a
919 1963 986 1983 zero
1008 1955 1042 1983 ad
1070 1955 1241 1984 divisionem
1276 1964 1309 1984 12
1342 1957 1503 1992 perveniet,
1533 1963 1579 1991 et,

61 2002 305 2041 Parallelopipedo
336 2013 354 2033 2
381 2004 427 2034 M.
456 2004 497 2034 ibi
528 2012 712 2043 remanente,
737 2006 795 2036 vim
822 2015 903 2037 suam
927 2006 1154 2036 aeccleratricem
1181 2015 1193 2035 1
1217 2007 1263 2036 M.
1293 2007 1416 2037 amittet.
1456 2007 1526 2036 Inde
1551 2016 1582 2036 se

1524 2066 1586 2087 mo-
