1913 2427
489 135 971 171 Das-SERTATIO
1036 139 1311 172 MEDICA.
1625 140 1676 186 ⁴39

192 225 329 256 Divinum
349 223 424 253 illud
441 223 563 254 febrium
587 223 835 255 inter-mittentium
853 225 1034 260 antidotum,
1057 225 1165 254 Cortex
1189 226 1383 262 Pemvianus,
1406 234 1478 264 quot
1498 234 1526 256 et
1548 237 1673 264 quantas-

150 280 182 308 ἴῃ
205 286 262 306 usu
284 276 408 312 requirat
425 276 570 310 cautelaS,
596 274 662 304 fuse
691 275 760 304 satis
783 275 920 310 exposuit
946 276 1107 306 Voltclmrus
1137 278 1167 306 iu
1197 277 1443 315 Pharmacologia.
1492 280 1567 308 Sunt
1590 290 1671 311 enim.

152 329 293 369 plurimae
312 327 495 358 conditiones
519 327 700 363 singulares,
728 333 783 356 tam
807 327 882 363 aegri
905 327 1018 363 ipsius,
1047 337 1131 364 quam
1155 336 1247 358 status
1270 330 1417 365 morbosi,
1447 339 1519 366 quae
1538 332 1667 366 Corticis,

152 381 244 417 huju-s
268 388 351 409 usum
375 379 517 415 limitant,
546 384 573 407 et
597 378 734 407 rationem
759 379 883 413 docent,
912 387 966 413 qua
987 380 1133 416 propinari
1160 381 1272 417 possit3
1304 383 1337 410 ad
1359 391 1430 417 quas
1458 383 1586 419 singulas
1611 384 1672 417 nIsi

148 431 275 461 attendat
295 430 450 467 Medicus„
470 437 500 459 et
519 431 663 462 incassum
684 429 853 467 propinabit
872 429 1027 466 corticem,
1056 437 1083 460 et
1107 440 1190 468 saepe
1219 441 1353 470 magnum
1375 433 1406 462 in
1429 434 1603 470 aegrotantis
1623 436 1672 464 de»

147 482 326 515 trimemum.
1598 511 1602 512 ⁷

184 535 317 573 Quantae
335 542 403 564 vero
427 534 604 568 necessitatis
627 535 684 570 sit‚
712 534 792 563 utin
812 534 1043 563 administrandis
1069 536 1308 565 medicaminibus
1331 537 1367 567 ad
1392 536 1483 573 Ipsam
1507 537 1602 565 morbi
1621 546 1676 567 na·-

147 591 240 616 ruram
266 586 387 622 eJ'usque
408 586 532 616 stadium
553 586 752 621 attendamus,
770 586 827 622 jam
849 585 916 614 olim
941 586 1057 622 celsas,
1079 587 1108 616 in
1128 587 1242 624 saepius
1262 589 1375 617 laudato
1397 588 1471 617 libro
1494 589 1527 617 de
1548 589 1674 618 Medici-

148 645 205 673 na,
231 637 345 666 disertis
370 637 463 667 verbis
479 637 634 674 exposuit,
662 638 759 666 dicens
792 636 866 665 libro
887 636 941 666 111.
967 646 1031 672 cap.
1050 647 1077 666 2.
1108 647 1175 675 pag.
1200 647 1227 667 m
1262 648 1326 667 120.
1378 659 1395 674 „
1416 639 1578 667 Videndum
1602 646 1665 676 est,

150 707 171 726 „
192 687 311 718 morbus
340 697 376 717 an
398 688 553 724 increscat,
582 697 617 717 an
642 688 802 724 consistat,
829 697 864 717 an
888 688 1052 725 minuatur-3
1081 689 1148 725 quia
1169 691 1306 726 quaedam
1338 690 1459 719 remedia
1484 690 1674 719 increscentiae

150 758 170 774 ,,
189 739 245 768 bus
269 738 397 775 morbis,
419 740 500 776 plura
522 740 687 776 inclinatis,
711 740 900 769 conveniunt.
948 739 1069 776 anue,
1097 750 1169 777 quae
1191 742 1387 771 crescentibus
1414 748 1481 777 apta
1501 748 1590 777 sunt,
1618 742 1668 771 ubi

149 810 169 828 „
188 797 291 819 acutus
317 790 480 820 increscens
505 797 605 829 urget,
627 791 656 820 in
671 791 890 820 remissionibus
910 792 1010 827 potius
1037 793 1203 828 experienda
1227 800 1296 822 sunt
1319 796 1332 816 ἴ
1341 795 1412 831 41).
1425 793 1456 822 ”.

183 843 231 873 Ex
251 843 332 873 hisce
354 851 441 880 ergo,
470 844 580 880 quibus
601 845 684 880 plura
703 844 756 872 alia
777 843 842 872 addi
860 850 1001 880 possent,
1029 843 1115 872 nobis
1138 850 1269 873 constare
1289 844 1416 880 videtur,
1445 844 1592 874 Medicum
1613 854 1676 882 ope⁴

146 895 358 926 Indicationum
382 894 602 925 individualium
631 903 691 924 non
719 900 830 924 tantum
859 901 968 923 certum
1000 903 1062 924 esse
1088 896 1122 924 de
1149 895 1311 925 adhibendo
1335 896 1459 931 quodam
1478 897 1673 925 remediorum·

145 954 246 984 genere
268 952 295 976 et
316 946 433 981 ordine,
463 955 562 976 verum
585 946 673 976 etiam*
693 947 727 976 de
748 946 844 983 specie
868 946 1026 976 adhibenda
1041 968 1052 983 ‚
1080 947 1171 976 immo
1191 953 1218 976 et
1239 948 1274 976 de
1296 947 1434 985 singulari
1460 947 1671 983 medicamine,-

144 997 176 1028 in
201 1006 269 1027 casu
294 999 457 1034 praesenti,
475 1007 543 1034 prae
567 998 685 1035 reliquis
706 998 810 1028 efficaci
831 1004 858 1027 et
881 998 959 1027 utili.

184 1049 242 1078 Sed
271 1049 354 1078 etiam
385 1058 420 1079 ex
448 1050 626 1080 ludicatione
650 1050 822 1081 individuali
852 1050 970 1080 Medico
995 1056 1111 1080 constat
1144 1050 1183 1079 de>
1208 1051 1319 1080 diversa
1342 1050 1409 1080 dosi
1439 1055 1468 1080 et
1490 1049 1671 1087 propinandi<

141 1099 237 1131 forma
256 1101 381 1138 ejusdcm
403 1101 610 1132 medicaminis.

180 1152 251 1183 Non
275 1152 412 1182 omnibus
432 1154 556 1183 eamdem
574 1153 777 1183 Medicaminis
791 1154 940 1191 cujusdam
960 1153 1128 1182 efficacioris
1147 1153 1233 1183 dosin
1251 1152 1422 1188 convenire,
1444 1159 1548 1189 sponte
1570 1159 1671 1190 patetgt

142 1203 194 1234 sed
217 1209 264 1239 et,
290 1204 414 1234 eamdem
435 1204 521 1233 dosin
541 1204 598 1235 alio
619 1211 747 1242 tempore
770 1205 861 1234 eidem
884 1205 996 1234 homini
1022 1205 1205 1234 utilissimam
1227 1213 1309 1240 esse,
1339 1204 1471 1234 nocivam
1497 1204 1574 1240 alio,
1594 1211 1666 1232 con·

139 1260 208 1283 stat.
249 1249 373 1283 Maximi
393 1255 439 1285 hic
464 1256 602 1286 momenti
621 1262 689 1292 est,
702 1262 735 1286 ut
754 1256 880 1286 animum
899 1256 1078 1285 advertamus
1098 1257 1133 1285 ad
1152 1262 1288 1291 aetatem,
1318 1264 1440 1291 sexum,
1461 1261 1668 1291 temperamene

141 1309 222 1341 tum,
244 1305 489 1342 idiosyncrasiam,
505 1314 533 1336 et
553 1308 809 1344 consuetudinem,
831 1308 867 1336 ad
890 1307 1030 1336 diversam
1059 1307 1153 1336 morbi
1175 1307 1322 1342 indolem,
1349 1307 1485 1343 gradum,
1515 1306 1664 1342 stadium,

142 1362 214 1386 eaet.
253 1356 367 1386 Aetatis
391 1366 422 1386 v.
445 1366 476 1394 g.
502 1358 658 1388 differentia
685 1366 745 1387 non
767 1359 828 1387 leve
853 1357 1006 1386 discrimen
1027 1357 1099 1386 facit
1125 1358 1155 1386 in
1177 1357 1337 1386 adhibenda
1362 1357 1446 1394 dosi3
1462 1357 1550 1397 ,circa
1582 1357 1664 1393 quod

140 1408 253 1444 regulas
280 1408 417 1443 quasdam
442 1410 585 1445 generales
605 1417 659 1445 pro
684 1408 816 1438 remediis
845 1399 984 1445 internis,
1013 1409 1110 1445 iisque
1137 1410 1364 1445 efficacioribus,
1393 1409 1550 1446 proposui-t
1579 1408 1668 1440 Clarr

143 1459 292 1495 Gaubius,
314 1459 343 1488 in
367 1459 442 1490 libro
463 1461 499 1490 de
524 1461 731 1491 concinnandis
760 1460 895 1490 formulis
923 1462 1023 1498 (φῂς
1053 1461 1149 1496 pueris
1173 1460 1245 1489 enim
1270 1467 1298 1489 et
1320 1460 1438 1490 senibus
1462 1461 1558 1489 minor
1579 1459 1661 1489 dosis

139 1510 295 1546 convenit,
317 1511 436 1540 maxima
458 1511 564 1540 adultis
585 1511 767 1547 propinatur.
808 1512 859 1541 Itar
874 1521 900 1541 v.
923 1520 952 1548 g.
977 1512 1092 1540 nullum
1116 1511 1174 1540 fere
1201 1511 1333 1540 effectum
1363 1518 1488 1548 praestat
1520 1510 1670 1539 moschus¹

139 1561 250 1601 homini
272 1562 371 1591 adulto
392 1563 429 1592 ad
448 1562 533 1592 dosin
555 1571 707 1599 granorum
733 1563 764 1600 vj
788 1563 954 1598 adhibitus,
985 1563 1034 1591 sed
1063 1564 1097 1592 ad
1121 1571 1206 1599 grana
1230 1564 1289 1600 xvj
1314 1563 1505 1599 propinatus,
1534 1562 1661 1598 plerum-

144 1617 199 1649 que
221 1613 326 1650 largam
347 1603 483 1651 producit
504 1613 704 1650 diaphoresin,
734 1623 800 1643 cum
831 1619 1056 1651 symptomatum
1081 1613 1240 1649 levamine3
1269 1613 1435 1643 infantibus
1454 1619 1546 1641 autem
1571 1618 1667 1640 unum

1607 1671 1661 1691 an·

140 1729 202 1755 quod
221 1728 249 1749 ab
273 1727 321 1753 ejus
341 1729 407 1754 prona
429 1728 481 1750 do‘i
503 1728 638 1753 anxietates,
660 1728 780 1755 aliquando
798 1728 851 1752 satis
866 1728 1028 1754 vehementes,
1050 1732 1160 1752 nauseae,
1183 1726 1295 1753 vomitus,
1309 1727 1377 1749 immo
1392 1731 1414 1748 et
1427 1725 1553 1753 systematis
1565 1723 1658 1747 nervos!

136 1768 229 1794 turbae,
245 1775 323 1790 exorta
337 1769 379 1790 rin!
389 1785 395 1795 ‚
410 1775 487 1790 verum
504 1770 578 1791 omnia
592 1770 648 1791 haec
664 1771 719 1792 mala
732 1771 812 1792 evitari
826 1764 920 1797 possun'z
934 1768 998 1790 dosin
1014 1766 1074 1794 juste
1090 1769 1228 1790 moderando
1239 1783 1246 1794 ‚
1261 1769 1297 1789 vel
1311 1774 1334 1789 et
1347 1769 1397 1789 leue
1411 1769 1507 1793 purgans
1523 1765 1557 1788 vel
1572 1765 1658 1788 carmi·

136 1808 236 1830 nativum
251 1810 364 1836 quoddam
381 1811 486 1832 addendo
495 1826 503 1838 ,
519 1811 599 1838 quibus
612 1816 717 1833 movetur
733 1812 814 1838 alvus,
828 1817 884 1838 quae
897 1812 1032 1839 plerumque
1044 1811 1088 1833 hoc
1100 1810 1124 1832 iu
1138 1815 1191 1832 casu
1210 1810 1326 1833 obstructa
1346 1815 1388 1833 est.
1420 1809 1494 1833 Cous·
1506 1809 1570 1837 nujus
1583 1808 1662 1838 nez-cv

136 1855 187 1877 νι-
203 1855 230 1876 9⁵
247 1855 269 1872 et
283 1850 319 1876 94-

162 1892 207 1918 (4¹
220 1893 231 1916 )
248 1891 314 1913 conf.
331 1893 431 1920 Althen,
444 1894 459 1915 l.
477 1894 507 1921 1.,
522 1893 610 1920 Proleg.
628 1892 639 1920 ς
655 1899 676 1920 9.
694 1899 744 1921 pag.
759 1899 772 1922 9
787 1903 815 1911 -
829 1900 865 1919 u.

167 1929 234 1958 (42)
249 1932 281 1952 Da·
289 1932 382 1959 firmula
393 1934 494 1961 iti-plici,
507 1931 522 1961 S
532 1933 568 1957 66.
583 1943 606 1963 y.
622 1939 672 1963 pau.
686 1940 722 1957 ao.
