1913 2427
612 145 993 188 onArio.
1519 164 1541 199 ς,

67 251 251 287 stantissimi
272 248 360 290 Viri,
383 249 548 282 adversam
569 249 784 281 valetudinem
808 255 840 280 et
867 255 1026 281 senectam
1049 247 1088 280 eo
1109 257 1178 280 esse
1200 246 1380 291 prolapsas,
1403 253 1455 284 ut,
1481 249 1539 290 qui

65 310 175 352 magni
202 309 262 339 viri
286 308 484 351 provinciam
501 308 712 344 sustinerent,
737 306 1010 338 desiderarentur:
1034 305 1148 337 verum
1170 305 1335 336 enimvero
1361 304 1536 346 gandemus

67 365 180 405 simul,
202 366 286 396 hanc
309 365 509 408 provinciam
533 366 609 396 viris
625 388 635 403 ,
666 363 834 406 disciplina
864 369 897 394 et
927 363 1076 394 laudibus
1103 363 1137 393 in
1166 361 1279 393 iisdem
1304 361 1404 392 literis
1433 367 1537 391 tanto·

43 465 51 471 .
67 433 143 465 pere
167 422 414 460 excellentibus,
437 422 567 464 collegis
594 421 642 453 Cl.
664 430 808 451 Bononio
829 426 862 450 et
885 430 999 457 mmo,
1022 430 1089 450 esse
1114 418 1273 450 traditam.

110 480 150 511 In
183 480 391 522 praecipuum
429 478 610 509 Academiae
640 477 850 508 Bibliothecae
884 483 1111 507 ornamentum
1144 482 1235 507 erant
1270 474 1399 506 Codices
1422 477 1539 506 Mama-

66 537 252 580 scn'ptorum
281 534 490 567 Orientalium
512 546 621 566 GOOLH
635 557 645 571 ‚
674 544 838 566 scamonii!
861 539 893 564 et
915 544 1075 565 ΝΛΜ-ΕΜ.
1131 533 1232 569 Huic,
1257 532 1291 562 in
1317 533 1428 573 primis
1450 544 1539 562 wan-

67 605 143 625 mzm
174 595 292 636 Legato
323 591 534 630 excutiendo,
564 592 706 623 Illustres
736 590 923 622 Academiae
956 592 1127 621 Curatores
1155 586 1374 631 praefecerunt
1405 588 1449 619 Cl.
1482 599 1543 619 ΗΛ-

64 661 187 683 uAKER.
233 648 329 689 Quod
355 650 447 686 vero,
472 649 491 679 a
516 659 690 686 warnario,
715 647 919 690 Reipublicae
943 646 1109 689 quondam
1140 644 1420 687 Constantinopoli
1443 647 1541 687 Lega-

65 714 118 745 ιο,
149 706 194 745 ibi
223 713 255 737 et
285 706 360 737 alibi
390 705 516 737 summa
537 705 613 736 cura
636 711 668 736 et
694 697 807 748 peritia
830 703 1019 741 collectum,
1050 709 1082 733 et
1109 708 1236 733 nostrae
1265 701 1472 741 Academiae,
1496 702 1541 732 ul·

65 764 145 796 tima
177 763 342 795 voluntate
380 763 533 794 traditum
565 761 650 792 fuit:
696 763 752 800 Et,
781 762 873 801 cujus
907 761 1018 802 Legati
1054 759 1260 791 Wamerianc'
1286 768 1380 796 cura,
1417 768 1540 789 pazano

64 828 178 853 nostro
211 821 302 852 antea
331 820 500 852 commissa
515 844 523 859 ‚
552 818 603 850 vel
632 819 704 862 ipso
732 818 907 853 suadente,
931 824 978 855 et,
1002 823 1038 848 ut
1063 816 1155 847 antea
1176 815 1241 857 jam
1270 821 1438 845 monuerat
1462 825 1541 846 Hex-

64 889 156 910 mcus
189 888 348 910 surmus
370 887 619 915 scnnrransms,
658 886 762 907 unum
790 873 971 918 postulabat
1003 873 1128 911 virum,
1161 871 1237 902 huic
1264 872 1323 902 uni
1354 871 1456 903 labori
1487 871 1543 903 ad-

63 934 210 971 dictum,
234 945 331 977 quem
345 958 354 973 ,
376 934 520 966 doctrina
546 934 764 977 praesignem,
789 931 870 974 grati
897 931 1086 973 accepimus.

108 994 149 1023 Et
175 1002 266 1023 meus
293 1002 463 1030 nminat),
488 992 532 1022 ita
556 989 720 1033 quondam
745 989 867 1020 amicus
898 988 1001 1018 amico
1022 986 1126 1017 dicere
1153 986 1235 1017 mihi
1253 988 1407 1030 contigit,
1430 994 1541 1018 nostro

62 1047 175 1080 ordini
203 1048 398 1091 adscriptus,
429 1055 460 1079 et
492 1047 592 1085 mihi,
624 1053 755 1089 propter
780 1051 919 1076 veterem
947 1043 1135 1081 amicitiam3
1167 1043 1240 1081 sed,
1263 1061 1306 1068 —
1337 1044 1416 1085 quid
1436 1044 1540 1074 dicam

65 1103 176 1136 mihi?
196 1122 246 1130 —
272 1115 349 1136 nam
382 1114 450 1136 non
472 1104 582 1135 solum
611 1102 720 1133 laudes
749 1101 887 1132 amicitia
921 1099 1068 1142 respicit,
1091 1117 1134 1125 —
1173 1106 1205 1130 at
1233 1099 1310 1132 vero
1338 1099 1540 1139 Academiae,

63 1161 210 1194 doctrina
232 1168 263 1193 et
290 1160 390 1200 fama,
415 1161 547 1204 grandia
568 1160 750 1204 pollicetur.

109 1221 212 1250 Macte
240 1219 340 1265 animi
363 1225 483 1257 estote,
505 1217 575 1250 Viri
594 1215 790 1249 Clarissimi!
820 1215 920 1247 Vobis
943 1214 1079 1258 singulis
1103 1213 1222 1246 faustos
1244 1213 1328 1253 dies,
1359 1214 1540 1251 doctrinae,

65 1287 164 1319 quam
191 1275 405 1318 profitemini,
429 1274 536 1306 felices
556 1272 737 1317 profectus,
759 1280 791 1304 et
815 1272 986 1310 alumnos,
1013 1273 1172 1310 Juvenes‚
1197 1271 1376 1310 docilitate,
1407 1271 1544 1314 diligen-l

63 1332 125 1371 tii,
150 1332 323 1371 modestia,
344 1332 508 1370 moribus,
530 1337 562 1362 et
588 1333 678 1362 omni
702 1331 820 1362 virtute
849 1327 1035 1372 spectabiles
1057 1339 1100 1359 ex
1125 1327 1234 1358 animo
1259 1327 1427 1371 apprecor!

107 1389 197 1431 Quid
225 1389 347 1428 dicam,
377 1396 536 1431 quantum
563 1387 777 1419 Bibliothecae
809 1386 1014 1418 Academicae
1048 1386 1212 1415 accesserit
1241 1395 1353 1423 curae,
1384 1391 1543 1427 quantum

65 1446 266 1484 ornamenti,
299 1447 332 1477 in
360 1447 473 1489 primis
503 1445 600 1489 opera
631 1452 726 1487 atque
759 1443 918 1475 indefesso
948 1442 1050 1473 nostri
1082 1452 1227 1472 VOORSTH
1258 1441 1386 1479 labore,
1420 1443 1472 1472 cui
1497 1441 1545 1473 CL

65 1504 145 1536 Viro
164 1509 198 1534 et
218 1502 346 1546 publice
368 1503 484 1545 gratias
512 1512 604 1545 agere
628 1501 739 1533 nullus
767 1500 902 1539 dubito,
930 1499 989 1541 qui
1013 1504 1158 1536 nostros,
1189 1497 1247 1528 hac
1273 1498 1307 1528 in
1328 1505 1437 1540 parte,
1459 1498 1546 1529 labo-

65 1571 117 1592 res
138 1566 203 1591 tam
226 1559 352 1602 egregie
371 1565 403 1590 et
427 1565 492 1589 tam
515 1558 615 1589 amice
633 1558 859 1589 sublevaverit.

111 1618 217 1656 Quam
237 1617 387 1648 eximiam
410 1615 703 1659 pulchritudinem3
734 1614 845 1658 quales
872 1620 1025 1652 ornatus;
1054 1610 1182 1656 qualem
1205 1612 1369 1651 ordinem3
1401 1612 1543 1655 qualem,

66 1673 197 1716 ingenio
224 1674 407 1711 inventam,
433 1679 498 1704 arte
523 1672 711 1715 dispositam
726 1695 734 1709 ‚
760 1670 918 1701 industria
942 1677 973 1701 et
998 1670 1106 1701 labore
1134 1669 1304 1713 perfectam
1328 1668 1547 1712 amplificatio·

69 1740 165 1768 nem,
187 1729 235 1761 Cl.
263 1729 345 1761 duce
371 1740 588 1769 nnvcnmuno,
613 1730 648 1760 in
670 1728 775 1760 Hosto
792 1716 990 1759 Academico
1018 1726 1191 1758 miramur!

113 1787 180 1822 Nec
221 1786 350 1825 minus,
385 1786 500 1818 eodem
537 1789 708 1830 praeeunte
737 1784 782 1816 el.
819 1786 898 1817 Viro
915 1808 925 1823 ‚
967 1785 1131 1816 Historiae
1160 1782 1325 1815 Naturalis
1362 1785 1548 1821 Musaeum,

73 1841 162 1886 q'uod
184 1843 297 1886 optimi
325 1844 420 1886 Regis
443 1842 601 1875 beneficio
631 1841 802 1880 debemus,
827 1842 994 1884 insigniter
1026 1848 1173 1879 auctum,
1193 1847 1248 1879 et,
1272 1841 1548 1883 systematicosut

75 1905 211 1936 vocant,
245 1900 373 1939 ordine,
402 1901 462 1931 rite
485 1901 694 1941 conjunctum
719 1898 950 1941 contemplari,
973 1898 1054 1940 quin
1076 1899 1187 1935 etiam,
1211 1897 1376 1940 indagare,
1400 1903 1494 1940 atque
1516 1897 1550 1927 in

75 1965 154 1988 usus
181 1956 466 1998 praestantissimae
491 1955 730 2000 promovendae
751 1955 938 1999 disciplinae
959 1953 1110 1986 adhibere
1132 1953 1213 1986 licet.

873 2014 898 2044 B
1476 2008 1552 2040 lee-
