1913 2427
517 119 1007 158 DrssERTx'rto
1072 125 1347 167 Mrlntcx:
1641 138 1686 175 33

170 216 236 241 rum
257 209 383 263 frigore,
404 210 501 240 ardore
520 210 697 240 internorum
714 219 748 239 ex
765 210 905 240 anxietate
928 214 1096 251 cardialgica
1119 218 1268 247 accedunt.
1309 219 1450 252 Indicatio
1473 221 1609 260 generalis
1629 226 1682 255 erit

166 271 308 293 evacuans
329 268 356 290 et
375 259 539 296 resolven53
563 261 723 297 specialiter
735 269 832 291 autem
855 262 1017 301 indicatur,
1038 266 1172 296 nimirum
1189 269 1217 297 in
1233 270 1326 299 morbi
1339 273 1501 310 principio,
1522 276 1577 305 hoc
1593 285 1681 314 nego-

166 315 239 344 tium
253 313 350 350 perfici
368 313 470 341 debere
494 321 548 349 ope
564 312 705 349 Emetici‚
728 322 808 350 quo,
829 314 948 342 docente
965 319 1152 354 experientia,
1174 320 1308 351 facillime
1321 324 1469 361 jugulatur
1484 326 1583 356 febris
1624 329 1680 358 ve.

164 376 228 398 rum
241 376 322 404 aeger
342 366 429 395 simul
449 365 557 393 laboret
576 366 647 393 mala
670 365 794 401 pectoris
802 365 1055 404 conformatione,
1076 370 1198 406 hernia,
1221 373 1293 401 uteri
1307 376 1465 413 prolapsu,
1486 385 1558 407 caet.
1574 399 1583 414 ,
1606 389 1678 415 quae

162 420 260 451 omnia
283 418 468 447 emeticorum
492 425 577 444 usum
608 415 845 445 contraindicant.
887 416 1034 454 Soligenda
1056 426 1125 449 tunc
1148 422 1200 451 erit
1223 424 1276 452 alia
1302 426 1410 461 species
1439 428 1526 465 hujus
1551 430 1679 460 medendi

159 469 309 504 methodi,
338 476 393 504 qua
417 467 505 495 eidem
519 466 649 495 'satisfiat
678 466 848 495 Indicationi
862 487 871 502 ‚
893 474 920 496 et
944 470 1174 507 corrigentibus,
1193 480 1221 502 et
1245 475 1442 514 diluentibus,
1465 486 1494 507 et
1518 480 1674 510 lenioribus

156 519 369 559 purgantibus,
401 518 543 547 materIam
575 517 738 547 morbosam
760 517 889 554 expedire
916 526 1037 548 conetur
1061 521 1216 559 Medicus,
1244 527 1323 561 quod
1343 534 1416 563 potu
1444 537 1534 565 aquae
1555 530 1675 568 frigidae

157 571 336 609 copiosiori,
358 571 477 607 potione
490 570 632 605 ΔΙίίνιενέί,
653 569 774 598 Tartaro
795 569 952 606 deputato,
975 571 1175 609 Tamarindis,
1197 575 1321 613 Manna,
1339 580 1518 616 caeterisque
1538 582 1672 617 pluribus

157 625 316 663 perficitur.
357 623 398 651 Ita
422 631 451 651 v.
477 630 505 658 g.
533 620 750 649 intumescentia
770 621 895 656 pedum,
916 622 1016 652 deiude
1034 631 1068 652 ret
1089 626 1215 662 ventris,
1242 627 1309 656 dum
1332 630 1475 666 reliquum
1500 642 1607 670 corpus
1632 641 1674 663 ta·-

156 675 270 710 bescit;
292 682 384 703 sonus
407 672 536 701 humoris
558 671 745 707 fluctuantis,
767 671 819 707 qui
837 671 1010 710 obauditur,
1031 675 1056 703 si
1076 676 1214 706 abdomen
1236 677 1412 716 impellitur,
1433 673 1481 711 aut
1504 683 1533 712 in
1554 685 1672 716 alterum

158 726 235 755 latus
248 724 434 754 convertitur
455 731 585 759 corpus,
614 723 681 751 sitis
702 731 819 759 magna,
849 724 948 753 mietio
974 726 1070 756 urinae
1097 729 1250 758 admodum
1278 739 1404 767 paucae,
1425 733 1525 762 rubrae
1544 741 1595 763 aut
1617 735 1668 764 fla-

153 784 225 812 vae,
246 776 276 804 in
299 783 357 812 qua
379 782 508 803 crassum
527 773 649 802 subinde
669 773 778 802 desidet
802 775 991 805 sedimentum
1005 799 1016 813 ,
1043 778 1118 807 cutis
1140 780 1221 809 valde
1246 781 1324 810 sicca
1350 782 1519 820 Hydropem
1544 785 1672 815 indicant

155 827 328 857 Ascitidem.
367 825 528 854 Praesentia
551 833 641 861 aquae
664 824 693 853 in
715 833 787 853 cavo
806 827 930 861 quodam
954 830 1104 866 corporis,
1125 839 1190 860 cum
1212 841 1272 862 non
1290 833 1375 863 facile
1396 835 1503 873 fertur,
1525 837 1555 867 in
1572 847 1672 875 genere

151 877 260 908 indicat
279 877 325 906 sui
349 876 583 912 evacuationem3
614 876 682 904 haec
705 882 798 904 autem
821 876 932 907 dlversa
958 881 1068 910 ratione
1091 881 1263 920 perficitur3
1291 886 1419 916 adhiberi
1444 889 1519 917 enim
1545 896 1671 926 possunt

152 930 249 967 primo
265 927 453 957 medicamina
477 928 555 956 intus
579 927 734 962 sumenda,
763 933 792 956 et
813 928 886 957 inter
909 929 977 959 haec
1003 932 1188 968 potissimum
1216 936 1352 972 metica,
1379 940 1548 975 purgantia,
1576 940 1671 969 diure-

149 984 207 1013 tica
231 990 318 1019 atque
340 982 554 1019 diaphoretica;
576 981 679 1017 hisque
700 982 819 1010 seorsim
842 984 1022 1020 propinatis,
1044 984 1162 1014 morbus
1182 994 1264 1023 saepe
1281 995 1416 1025 curatur-3
1448 991 1565 1026 quidam
1590 992 1666 1022 euim

147 1036 224 1072 aegri
242 1035 393 1071 purgantia
411 1041 480 1070 prae
503 1032 602 1062 ceteris
627 1033 729 1062 melius
763 1033 859 1062 ferunt
879 1040 910 1062 et
928 1034 967 1063 ‘ab
992 1034 1050 1062 illis
1072 1035 1162 1071 probe
1182 1044 1372 1075 evacuantur-3
1403 1039 1451 1068 alii
1474 1049 1489 1069 a
1507 1040 1664 1070 Diureticis

146 1086 321 1125 praesidium
345 1086 437 1123 maJ'us
460 1090 701 1121 consequuntur3
731 1084 779 1112 ahi
798 1092 813 1113 a
835 1084 1070 1121 Diaphoreticis,
1098 1086 1160 1115 aliis
1184 1089 1301 1118 emetica
1322 1097 1446 1126 prosunt
1470 1098 1542 1120 caet.
1583 1092 1666 1121 Non·

143 1146 295 1175 nunquam
321 1143 415 1166 autem
433 1136 570 1165 omnibus
597 1135 678 1164 hisce
694 1135 768 1164 nihil
788 1136 975 1172 proficimus,
997 1143 1026 1166 et
1039 1137 1144 1167 humor
1162 1139 1352 1169 nihilominus
1372 1142 1517 1178 abundat,
1538 1149 1665 1178 tuncque

147 1190 278 1220 celeriori
295 1190 341 1218 via
358 1189 580 1218 succurrendum
598 1193 642 1217 est
658 1187 840 1225 -aegrotanti3
865 1196 950 1224 quem
970 1197 1092 1225 scopum
1109 1198 1165 1225 ope
1179 1190 1343 1220 emissionis
1358 1201 1447 1228 aquae
1470 1202 1520 1230 per
1535 1200 1663 1223 ventrem

145 1240 264 1277 ipsum,
286 1240 463 1277 attingimus.
503 1239 537 1269 In
559 1239 639 1269 omni
657 1247 725 1276 ergo
743 1247 831 1274 casu,
852 1240 884 1268 in
907 1248 967 1275 quo
983 1240 1018 1268 ad
1042 1240 1233 1277 hydropicum
1251 1241 1386 1272 Medicus
1410 1244 1538 1280 accedit,
1563 1254 1578 1273 a
1595 1253 1665 1274 con-

144 1291 256 1321 ditione
276 1292 369 1328 ipsius
391 1291 581 1329 aegrotantis,
603 1291 755 1327 stadioque
771 1290 885 1326 morbi,
907 1290 1112 1319 Indicationem
1128 1291 1185 1319 sibi
1201 1292 1323 1321 formare
1335 1293 1435 1329 debet,
1457 1301 1490 1323 ut
1503 1295 1537 1324 de
1552 1304 1586 1324 eo
1603 1304 1663 1324 cer-

143 1342 202 1372 tior
225 1342 295 1378 fiat,
326 1351 463 1378 quaenam
481 1343 579 1371 harum
610 1342 765 1370 evacuandi
790 1342 939 1370 humorem
964 1342 1122 1377 specierum
1151 1343 1219 1372 huic
1243 1344 1322 1373 casui
1345 1346 1465 1383 maxime
1486 1346 1526 1374 sit
1550 1355 1662 1376 accom-

142 1394 276 1428 modata,
304 1402 412 1422 numve
434 1394 537 1422 dentur
556 1393 762 1427 conditionesffl
785 1392 822 1420 ob
849 1400 921 1427 quas
946 1392 1086 1428 ejusmodi
1109 1393 1206 1429 specie
1231 1395 1273 1423 uti
1292 1403 1352 1424 non
1372 1396 1466 1424 liceat.
1514 1397 1558 1425 Sit
1581 1406 1611 1426 v.
1631 1406 1663 1434 g.-

138 1452 226 1473 casus
251 1444 391 1479 ultimus,
413 1444 482 1480 ubi,
503 1444 648 1472 incassum
668 1442 831 1479 propinatis
854 1448 881 1470 et
897 1443 1088 1478 purgantibus
1108 1450 1136 1472 et
1161 1444 1329 1480 diureticis,
1350 1452 1405 1475 etc.
1430 1448 1540 1476 tandem
1560 1449 1595 1476 ad
1613 1448 1661 1484 ip-

143 1503 204 1525 sam
239 1495 400 1524 abdominis
432 1501 604 1532 puncturam
634 1493 764 1522 devenire
801 1493 883 1521 debet
913 1493 1066 1529 medicus;
1103 1495 1207 1530 poterit
1235 1496 1367 1531 profecto
1398 1497 1470 1526 hanc
1505 1497 1660 1527 evacuandi

143 1546 310 1576 methodum
329 1547 464 1583 seligere,
497 1546 554 1575 nisi
570 1546 644 1574 adsit
663 1553 784 1582 magnus
806 1543 960 1573 debilitatis
982 1545 1106 1580 gradus,
1127 1552 1176 1573 aut
1191 1546 1384 1576 indurationes
1402 1555 1429 1576 et
1444 1549 1657 1578 obstructiones

138 1598 282 1628 viscerum
309 1598 554 1634 abdominalium,
579 1598 711 1634 inprimis
734 1596 864 1634 hepatis,
890 1601 939 1624 aut
961 1594 1195 1624 concomitentur
1225 1597 1341 1626 ascitem
1370 1599 1484 1628 dolores
1508 1600 1657 1629 vehemen-

137 1649 247 1684 tiores,
275 1656 326 1678 aut
350 1649 438 1678 febris
461 1658 562 1686 magna
583 1649 739 1685 impediat,
761 1657 822 1684 quo
847 1647 942 1675 minus
963 1646 1082 1675 morbus
1111 1646 1150 1675 ita
1171 1648 1263 1676 curari
1283 1649 1389 1684 possit.

172 1699 252 1728 flacc
277 1700 312 1728 de
329 1700 471 1729 Methodo
493 1700 631 1729 medendi.
681 1699 737 1727 Sed
759 1707 818 1728 non
838 1704 949 1726 tanturn
980 1703 1150 1726 memoratae
1176 1698 1227 1727 hae
1251 1700 1443 1729 Indicationes
1464 1701 1652 1731 individualcs

136 1749 322 1786 inserviunt,
351 1758 384 1779 ut
409 1752 610 1781 determinetur
632 1751 715 1788 Justa
745 1750 872 1778 medendi
904 1748 1057 1777 methodus
1075 1769 1085 1784 ,
1112 1756 1161 1777 aut
1189 1749 1343 1786 singularis
1375 1752 1513 1788 seligatur
1542 1753 1651 1789 species

136 1801 266 1830 methodi
286 1803 435 1839 cujusdam
459 1803 613 1838 generalis;
643 1809 742 1830 verum
763 1800 846 1829 etiam
871 1800 970 1828 harum
1002 1807 1057 1835 ope
1082 1800 1261 1835 pervenimus
1289 1802 1325 1832 ad
1349 1802 1544 1839 cognitionem
1563 1803 1651 1832 medi·

131 1858 327 1880 camentorum
351 1853 552 1890 singulorum,
574 1861 645 1889 quae
669 1852 697 1881 in
714 1860 787 1881 casu
809 1852 933 1887 quodam
953 1849 1141 1878 conveniunt.

170 1901 275 1938 iugens
295 1912 359 1932 cum
385 1904 422 1933 sit
442 1905 710 1934 medicamentorum
734 1910 889 1937 numerus,
919 1909 955 1930 ne
976 1900 1073 1929 omnia
1094 1900 1218 1931 confuse
1238 1904 1396 1940 traderent,
1423 1886 1553 1941 quaeque
1575 1903 1647 1933 invi-

954 1950 982 1979 E
1585 1960 1646 1983 cem
