1913 2427
0 2268 10 2427 -ae-‚->,-.

507 147 982 180 DISSERTATIO
1048 150 1322 185 MEDICA.
1635 150 1679 186 23

168 241 339 272 sectatores,
360 235 454 265 omnis
477 234 612 264 scientiae
640 240 727 271 atque
752 233 897 263 doctrinae
915 242 1062 272 expertes,
1089 236 1289 268 irrationaliter
1309 239 1363 268 ista
1390 244 1499 268 tantum
1525 247 1675 277 praecepta

168 287 362 324 praescribant
375 308 385 323 ,
415 295 487 322 quae
510 286 545 314 ab
566 285 629 321 aliis
650 286 761 314 laudata
781 285 973 320 audiverunt,
1003 287 1048 315 vel
1066 287 1096 316 in
1117 297 1187 318 casu
1201 310 1211 325 ,
1240 290 1335 325 quoad
1358 297 1507 319 extremam
1532 291 1673 327 formam,

170 338 277 373 simili,
298 345 378 366 antea
396 338 454 374 ipsi
476 337 685 371 adhibuerunt,
706 336 745 364 ita
769 342 801 364 ut
821 335 943 363 remedia
959 338 1104 367 venditent
1127 341 1162 368 ad
1188 342 1281 370 solum
1307 342 1424 378 vulgare
1443 342 1535 371 morbi
1555 351 1673 371 nomen.

206 389 292 418 Tales
313 389 470 426 Empeirici
491 389 581 426 ignari
602 395 717 417 naturae
740 387 903 422 actionum,
932 396 1079 418 causarum
1105 397 1133 419 et
1155 392 1326 421 characteris
1350 393 1515 422 morborum
1533 414 1543 428 ‚
1569 393 1674 422 indica-

167 443 279 471 tionum
300 447 328 470 et
346 441 488 470 'variarum
507 440 624 469 curandi
647 439 864 474 methodorum,
885 447 945 467 non
969 439 1025 468 nisi
1050 443 1167 470 nomina
1187 443 1354 473 morborum
1377 444 1543 480 inquirunt,
1567 444 1675 480 quibus

167 492 292 529 cognitis
322 491 442 521 miseros
470 500 541 521 suos
573 497 750 528 aegrotantes
780 489 838 518 illis
867 488 1012 525 remediis,
1043 493 1187 526 quae'tali
1208 495 1254 523 vel
1278 494 1326 523 alii
1358 494 1444 524 simili
1473 495 1574 523 morbo
1606 503 1675 524 con-

170 544 266 572 venire
294 544 445 572 memoriae
472 544 694 577 mandaverunt,
719 541 916 577 strangulant3
944 541 1087 577 remedia,
1113 551 1186 578 quae
1210 544 1239 574 in
1268 547 1407 581 quendam
1437 546 1568 574 morbum
1600 552 1678 582 egr&

165 595 246 633 gium
274 594 406 624 effectum
433 595 554 624 edidisse
579 594 718 628 audiunt,
739 592 817 621 nulla
831 591 1110 621 circumstantiarum
1133 595 1178 623 vel
1201 597 1358 626 stadiorum
1387 597 1480 626 morbi
1501 599 1610 627 ratione
1629 598 1679 626 ha-

166 647 245 682 bita,
269 647 365 675 statim
387 646 604 684 praescribunt,
626 651 654 674 et
675 644 759 681 copia
774 643 928 672 verborum
951 642 1000 671 vix
1017 644 1228 674 cohaerentium
1253 655 1353 684 aegros
1377 649 1552 683 detinentes,
1571 648 1676 680 horum

164 698 315 727 sanitatem
336 704 365 726 et
385 697 471 726 vitam
491 696 671 732 corripiunt;
693 703 744 724 nec
762 695 817 723 rari
839 701 995 723 occurrunt
1015 694 1063 724 isti
1084 695 1258 733 Empeiricig.
1281 698 1383 727 horum
1398 698 1472 726 enim
1488 699 1564 734 apud
1580 707 1678 734 quem-

165 758 223 785 que
241 749 468 778 barbitonsorem
493 748 522 777 in
545 747 624 776 omni
644 746 703 775 fere
724 752 838 775 nostrae
857 745 964 781 patriae
987 754 1064 783 pago
1080 746 1224 776 invenitur
1247 750 1406 785 exemplar,
1434 749 1505 785 qui,
1535 758 1677 779 summam

165 800 308 830 inscitiam
327 808 393 828 cum
417 807 528 828 summa
548 797 726 835 impudentia
749 798 948 834 conjungens,
972 798 1073 837 lingua
1103 800 1254 838 inspecta,
1282 802 1449 838 emeticum,
1475 809 1503 831 et
1525 803 1581 831 alvi
1608 811 1678 832 con-

165 854 275 883 ditione
293 853 467 888 examinata,
489 853 605 888 laxans,
625 860 718 887 neque
740 852 808 880 haec
832 852 952 889 exigua,
973 851 1067 881 statim
1088 852 1229 890 porrigit,
1250 860 1278 882 et
1294 854 1335 882 sic
1357 853 1483 883 infelicis
1503 854 1578 891 aegri
1599 863 1680 883 sum-

165 913 210 934 ma
227 906 285 942 jam
309 903 465 933 laborantis
486 903 650 938 debilitate,
672 903 745 931 vires
770 903 926 939 prosternit
948 910 976 932 et
995 912 1116 940 prorsus
1140 911 1247 933 enecat.

203 957 284 985 Sana
306 964 321 984 e
342 954 487 984 contrario
510 955 650 993 empcirt‘a
665 954 773 982 dicitur
794 954 860 990 illa,
890 963 977 990 quae,
999 955 1024 983 si
1046 964 1106 984 non
1127 956 1263 992 unicum,
1290 956 1476 993 praecipuum
1492 963 1566 986 certe
1586 957 1681 987 Medi-

163 1007 243 1037 cinae
266 1007 376 1036 fontem
399 1006 430 1035 in
459 1005 626 1035 morborum
648 1013 809 1040 eorumque
833 1006 1012 1035 curationum
1040 1008 1171 1037 historiis
1199 1008 1375 1045 constituit,
1403 1017 1531 1045 quaeque
1557 1009 1591 1038 ab
1620 1009 1677 1039 hoe

162 1060 249 1090 unice
273 1059 439 1097 principio,
468 1067 483 1088 a
507 1058 570 1087 sola
594 1058 765 1095 experientia
792 1059 955 1094 rationali,
981 1059 1100 1088 remedia
1125 1060 1160 1088 ad
1188 1059 1354 1088 morborum
1386 1059 1561 1089 curationem
1586 1061 1678 1098 petit,

159 1120 213 1143 nec
236 1117 330 1141 tamen
358 1111 445 1140 ullam
475 1110 622 1140 doctrinae
644 1116 772 1147 partem,
799 1119 872 1146 quae
894 1111 1009 1147 quidem
1031 1120 1111 1140 verae
1133 1118 1160 1141 et
1181 1119 1271 1141 certae
1290 1112 1366 1141 lucis
1387 1112 1497 1148 aliquid
1528 1113 1678 1149 praebeat,

159 1162 357 1200 negligendam
377 1168 484 1191 censet.
526 1161 620 1190 Sanus
640 1161 731 1199 igitur
753 1161 935 1198 Empeiricus
961 1163 991 1192 in
1019 1163 1154 1193 historias
1185 1163 1352 1192 morborum
1379 1169 1464 1198 atque
1495 1163 1675 1193 curationum

158 1213 292 1243 studiose
313 1213 455 1250 inquirit,
483 1219 570 1249 atque
596 1213 660 1248 ita,
693 1220 726 1241 ut
748 1212 778 1242 in
807 1221 986 1250 unoquoque
1012 1223 1112 1251 genere
1148 1223 1212 1244 cum
1246 1221 1476 1251 symptomatum
1508 1215 1678 1251 varietates,

160 1273 224 1295 tum
244 1266 458 1302 accessionem,
481 1273 608 1302 statum,
631 1266 830 1295 remissionem
849 1267 1027 1304 distinguat,
1054 1265 1198 1300 simulque
1217 1266 1401 1300 methodum,
1431 1274 1503 1301 quae
1524 1267 1554 1294 in
1579 1265 1679 1302 singu·

159 1316 196 1346 lis
213 1317 376 1354 profuerit,
397 1317 550 1354 diligenter
563 1324 657 1346 notet.
696 1317 888 1347 Medicamina
902 1324 1032 1344 accurate
1053 1315 1175 1351 intelligi
1191 1316 1274 1350 vult,
1289 1323 1354 1343 cum
1374 1315 1510 1344 omnibus
1524 1315 1679 1345 adhibendi

156 1369 362 1404 cautionibus,
386 1369 555 1397 anatomiam
580 1376 698 1405 quoque
719 1369 755 1397 ad
774 1369 970 1404 phaenomena
994 1366 1108 1403 singula
1133 1366 1300 1394 morborum
1329 1366 1510 1402 aliquatenus
1531 1367 1678 1396 illustran-

157 1421 212 1455 da,
233 1428 293 1448 non
314 1419 350 1448 ad
372 1427 489 1447 causam
512 1419 727 1454 declarandam,
756 1421 892 1449 assumit.
930 1421 1080 1448 Postremo
1100 1419 1131 1446 in
1158 1418 1287 1447 remediis
1312 1418 1448 1454 eligendis
1464 1439 1474 1454 ,
1502 1425 1678 1455 symptoma-

158 1476 220 1499 tum
244 1477 392 1505 namram,
421 1470 593 1506 aegrotantis
618 1469 746 1498 habitum
771 1476 800 1498 et
829 1477 966 1505 aetatem,
991 1470 1057 1498 anni
1082 1475 1276 1505 tempestatem
1307 1468 1418 1504 aliaque
1444 1469 1585 1506 ejusmodi
1611 1478 1675 1505 per-

156 1522 274 1558 pendit;
296 1521 412 1550 nomine
431 1526 525 1548 autem
547 1520 640 1548 morbi
664 1520 731 1549 duci
755 1529 785 1549 se
808 1528 857 1550 aut
883 1520 1057 1551 commoveri
1080 1528 1139 1548 non
1165 1519 1283 1556 patitur.
1330 1519 1429 1557 HuJ‘us
1452 1519 1543 1557 igitur
1569 1520 1677 1549 doctri-

157 1579 210 1601 nae
233 1571 417 1601 fundamenta
438 1577 507 1600 sunt
530 1572 708 1607 observatio,
729 1573 855 1601 historia
872 1579 899 1601 et
922 1572 1132 1609 analogismus,
1163 1579 1235 1606 quae
1254 1570 1417 1600 innituntur
1440 1579 1597 1608 sensuum,
1618 1577 1676 1601 tes-

158 1623 347 1652 timoniorum
369 1629 397 1651 et
419 1622 560 1660 analogici
587 1622 730 1652 ratiocinii
761 1623 827 1653 fide.
867 1623 1013 1662 Quidnam
1045 1629 1138 1651 autem
1167 1630 1219 1658 per
1242 1622 1310 1651 haec
1335 1622 1449 1659 singula
1476 1622 1673 1660 intelligatur,

157 1673 281 1703 breviter
297 1674 459 1711 explicabo.

199 1724 368 1755 observatio
385 1732 515 1755 versatur
540 1720 615 1754 circa
640 1726 833 1762 phaenomena
859 1726 990 1763 singula,
1017 1732 1066 1755 aut
1090 1725 1164 1755 circa
1190 1733 1364 1755 concursum
1389 1724 1516 1762 plurium
1547 1725 1675 1761 phaeno-

161 1783 328 1811 menorum,
357 1775 396 1804 ita
424 1777 498 1805 inter
525 1786 554 1806 se
586 1784 745 1814 nexorum,
774 1785 807 1806 ut
836 1784 971 1814 tanquam
1005 1787 1058 1813 pro
1087 1777 1174 1806 unico
1197 1778 1393 1813 phaenomeno
1420 1777 1515 1805 haberi
1539 1782 1566 1804 et
1584 1775 1673 1804 unico

158 1825 278 1854 debcant
294 1827 436 1856 vocabulo
459 1829 611 1860 enuntiari.
655 1831 694 1859 lta
711 1830 898 1866 cognoscitur
915 1829 1131 1864 observatione,
1154 1837 1234 1865 aeger
1253 1828 1405 1864 pinguisne
1429 1828 1468 1857 sit
1489 1836 1524 1856 an
1541 1827 1674 1856 macilen-

156 1882 226 1912 tus,
249 1885 284 1906 an
305 1878 422 1914 deliret,
443 1888 494 1908 nce
516 1888 568 1915 ne,
598 1888 667 1910 cart.
713 1882 763 1910 ,οἱ
796 1882 917 1910 maxime
946 1882 1084 1917 longaevo
1118 1880 1234 1917 propria
1263 1889 1319 1908 non
1355 1879 1459 1908 sufficit
1491 1878 1672 1913 observatio,

156 1927 344 1963 requiruntur
365 1929 460 1965 itaque
485 1931 605 1960 aliorum
637 1934 824 1969 plumarum
850 1933 1082 1965 ‹disci-vationffi,
1112 1938 1139 1959 et
1159 1932 1192 1959 de
1217 1930 1301 1959 rebus
1325 1931 1380 1959 sibi
1409 1929 1568 1959 observatis
1593 1930 1672 1957 testi-

155 1978 270 2016 monia;
292 1979 331 2009 ita
355 1987 387 2010 ut
408 1982 600 2013 observationi
628 1986 751 2021 proprian
783 1986 836 2013 hist
856 1994 904 2012 mc
919 1991 1036 2020 quoque
1053 1982 1158 2012 alienae
1180 1982 1395 2013 observationis
1416 1982 1533 2020 adjungi
1554 1980 1669 2014 debeat,

1603 2037 1676 2065 quae
