1913 2427
470 123 953 157 DISSERTATIO
1018 124 1374 159 JURIDICA'.
1629 136 1676 162 ‚11

157 223 216 245 §sse
230 212 421 253 quaestionem
432 211 520 248 dicit;
542 212 618 241 unde
633 212 725 242 variae
742 218 822 241 natae
839 218 909 241 sunt
924 211 1050 240 vitorum
1068 213 1220 241 doctorum
1237 213 1401 243 sententiae.
1430 213 1545 243 Caelius
1557 213 1680 252 calcag-

156 267 244 295 ninus
265 263 373 302 (Disq.
392 264 430 293 II.
452 273 482 300 p.
502 266 566 300 187.
590 265 634 293 ed.
659 264 807 303 Graevii)
829 271 857 292 et
880 264 1070 301 Hottingerus
1095 264 1182 301 (1),
1211 264 1355 294 Ciceronis
1379 264 1601 302 negligentiam,
1625 265 1677 302 qui

156 316 333 354 promissum
347 324 407 344 non
422 315 522 344 fecerit
533 337 542 351 ‚
565 316 773 353 reprehendunt
790 323 818 344 et
835 323 991 351 accusant,
1008 316 1100 353 magis
1115 316 1268 346 dividendo
1279 337 1289 353 ,
1307 326 1393 353 quam
1418 316 1592 353 definiendo,
1616 317 1681 356 Offi-

156 369 234 398 cium
251 367 396 406 quidsst,
417 367 586 403 tradidisse,
600 375 692 403 neque
707 366 851 395 definiisse
867 375 917 403 per
934 375 1024 403 genus
1042 374 1068 395 et
1082 366 1280 397 differentiam.
1310 369 1380 398 Non
1394 375 1487 398 tamen
1505 368 1676 405 defuerunt,

156 420 209 456 qui
224 419 406 448 defenderent
422 420 477 454 (ut
491 418 647 447 Manutius
665 417 720 455 Off.
741 418 774 453 1,
796 427 825 455 3.
840 428 847 450 ;
866 418 1028 447 Ciceronem
1044 418 1198 448 dividendo
1215 420 1376 456 definiisseg,
1399 429 1414 449 e
1431 429 1490 456 quo
1512 421 1569 449 duo
1582 420 1682 450 oriun-

157 475 207 498 tur
222 468 422 504 definitiones,
445 477 565 505 quarum
585 469 676 506 prima
693 475 751 498 est:
775 469 934 505 „Officium
945 476 988 498 est
1005 470 1096 506 illud,
1119 472 1199 506 quod
1211 471 1333 508 pertinet
1347 472 1382 501 ad
1399 472 1483 501 finem
1494 470 1680 501 b011orum.”

155 520 271 550 Altera:
303 541 321 556 „
341 520 476 549 Officium
500 527 544 550 est
574 521 664 557 illud,
695 529 753 556 quo
775 521 833 549 vita
857 521 1020 550 communis
1047 521 1212 550 instituitur
1241 529 1268 552 et
1292 522 1530 552 conformatur.”
1579 523 1679 552 Altera

157 571 266 613 divisio
286 578 314 600 et
333 572 418 600 altera
442 572 570 602 definitio
593 578 756 608 sequuntur
783 571 857 600 infra
881 572 911 601 in
936 572 1049 601 verbis:
1076 573 1174 611 Atque
1195 575 1282 602 etiam
1312 575 1375 604 alia
1401 575 1503 604 divIsio
1524 580 1565 603 cst
1589 575 1680 613 Officii

156 628 216 651 etc.
259 623 442 652 Facct'olatus
457 624 515 659 (ad
531 626 562 659 1,
585 626 635 660 2.)
655 623 746 658 dicit,
774 623 968 652 definitionem
983 632 1043 652 non
1059 632 1122 652 esse
1138 625 1303 661 propriam,
1325 627 1436 662 plenam
1455 632 1484 655 et
1503 625 1677 662 perfectam3

155 674 209 704 sed
229 674 313 702 talem
348 675 486 710 quandam
520 675 767 710 descriptionem,
798 682 870 709 quae
895 674 966 707 satis
995 674 1033 702 sit
1065 676 1102 703 ad
1133 676 1275 704 tollendas
1307 677 1434 705 nominis
1464 677 1679 714 ambiguitates.

154 725 196 762 J.
217 725 264 756 Μ
286 726 451 763 Heusinger
470 734 534 754 eum
555 725 595 754 ita
618 726 762 754 existimat
781 725 926 754 definiisse
949 726 1097 763 Officium,
1127 733 1159 754 ut
1182 728 1243 764 ejus
1265 728 1376 764 generis
1400 727 1508 758 formas
1532 735 1612 758 antea
1633 736 1682 757 ex-

153 783 286 813 poneret.
326 776 445 812 Saepius
469 777 599 805 laudatus
621 786 680 806 van
700 776 838 813 Lymax,
862 781 916 813 (pq
937 778 1013 813 94.)
1046 783 1163 812 censet,
1198 786 1265 806 cum
1296 778 1456 808 Panaetius
1483 780 1680 809 definitionem

156 827 388 863 divisionemque
411 827 502 865 Officii
525 827 687 864 omisisset,
710 828 872 857 Ciceronem
895 836 1017 857 vacuum
1042 828 1132 857 istum
1157 829 1255 858 locum
1286 830 1325 858 ita
1354 831 1468 867 explere
1487 831 1617 860 voluisse
1639 837 1680 859 at-

158 887 216 914 que
238 878 276 907 ita
297 887 331 907 ex
355 878 456 907 mediis
480 878 642 907 Stoicorum
664 879 756 915 spinis
783 878 959 915 explevisse,
980 886 1013 908 ut
1034 886 1129 908 tamen
1150 880 1303 910 definiendi
1323 882 1470 918 diligentia
1493 883 1680 912 desideretur.

151 929 237 958 rHuic
257 930 410 959 assentior.
453 929 553 958 Cicero
575 930 709 959 nimirum
732 931 839 959 nullam
856 930 947 968 Officii
970 933 1099 961 universi
1116 933 1262 968 propriam
1284 932 1478 963 definitionem
1505 933 1681 969 constituit,

154 981 207 1013 ,sed
227 980 341 1016 quidem
362 981 454 1017 partis
479 981 644 1018 subjectae,
666 983 695 1012 h.
723 991 745 1011 e.
776 982 863 1010 medii
883 983 983 1020 officii,
1006 989 1038 1011 ut
1059 992 1127 1011 mox
1148 983 1310 1013 videbimus
1334 985 1412 1022 (2).

195 1032 294 1061 Cicero
319 1032 364 1062 his
392 1032 421 1061 in
443 1032 525 1061 libris
546 1033 766 1070 philosophiam
785 1034 920 1063 moralem
936 1034 967 1063 in
991 1035 1061 1063 duas
1078 1034 1183 1064 dividit
1205 1042 1318 1072 partes,
1340 1043 1459 1066 secutus
1476 1042 1597 1066 veterem
1618 1034 1682 1073 phi-

148 1081 331 1120 losophandi
349 1084 498 1113 rationem.

197 1135 331 1163 Socrates
344 1136 456 1172 primus
478 1135 554 1172 fuit,
577 1136 628 1172 qui
652 1137 763 1166 animos
780 1136 945 1166 excitaverit
961 1137 997 1166 ad
1021 1137 1070 1166 illa
1085 1137 1263 1175 indaganda,
1293 1148 1367 1175 quae
1388 1140 1465 1170 bona
1483 1145 1552 1169 sunt
1573 1144 1602 1167 et
1629 1138 1683 1168 ho-

155 1192 254 1222 nesta,
276 1187 327 1223 qui
352 1196 367 1216 a
392 1187 478 1216 rebus
501 1188 647 1224 occultis,
677 1188 707 1217 in
730 1188 839 1225 quibus
865 1197 963 1218 omnes
989 1195 1053 1218 ante
1083 1197 1147 1217 eum
1173 1190 1309 1227 occupati
1341 1190 1459 1222 fuerunt
1487 1189 1681 1228 philosophi,

155 1238 290 1267 avocavit
312 1239 528 1276 philosophiam
554 1246 582 1268 et
606 1241 641 1269 ad
666 1241 755 1270 vitam
775 1249 957 1270 communem
977 1241 1095 1270 adduxit
1116 1243 1188 1279 (3).
1230 1242 1311 1271 Illam
1342 1242 1560 1280 philosophiam
1585 1249 1680 1270 mora-

148 1288 234 1325 lem,
263 1299 279 1318 a
301 1290 423 1320 Socrate
452 1291 633 1327 institutam,
670 1291 701 1320 in
731 1293 802 1321 duas
831 1292 954 1321 divisere
978 1298 1072 1327 partes
1104 1293 1165 1329 ejus
1191 1292 1356 1328 discipuli,
1385 1302 1461 1329 quos
1491 1293 1584 1322 secuti
1613 1297 1684 1321 sunt

153 1339 257 1369 Stoici.
306 1341 404 1377 Hujus
431 1342 523 1376 prima
544 1344 620 1378 {pars
651 1348 695 1370 est
726 1344 880 1378 δογματικῆ
896 1363 906 1378 ,
936 1351 1008 1377 quae
1036 1343 1159 1378 pertinet
1187 1342 1231 1373 ad
1249 1341 1337 1378 finem
1371 1344 1506 1374 bonorum
1534 1349 1563 1372 et
1591 1343 1683 1372 malo-

157 1399 245 1426 rum,
271 1397 299 1419 et
316 1391 413 1421 fontes
437 1393 532 1421 omnis
557 1393 626 1422 boni
643 1414 653 1428 ‚
680 1393 755 1430 justi
780 1400 807 1421 et
827 1393 915 1429 aequi
937 1393 1052 1429 aperit;
1075 1394 1166 1422 veluti
1191 1402 1257 1422 cum
1280 1395 1420 1430 docetur,
1445 1395 1518 1424 nihil
1543 1402 1605 1423 esse
1628 1393 1684 1421 bo-

149 1449 244 1483 vnum,
272 1442 328 1471 nisi
348 1442 524 1480 honestum3
547 1444 620 1473 nihil
640 1446 766 1480 malum,
788 1445 845 1474 nisi
870 1445 1028 1473 vitiosum:
1058 1445 1154 1474 omnia
1181 1444 1272 1473 officia
1295 1453 1358 1474 esse
1382 1445 1525 1482 perfecta:
1555 1445 1680 1474 officium

152 1493 231 1522 aliud
252 1493 308 1522 alio
332 1501 394 1522 esse
417 1495 529 1531 majus:
561 1497 700 1525 mundum
728 1497 805 1525 hune
828 1504 891 1525 esse
913 1496 1057 1524 civitatem
1088 1504 1270 1525 communem
1301 1497 1430 1526 Deorum
1452 1504 1481 1526 et
1510 1498 1676 1526 hominum:

153 1552 256 1573 omnes
276 1545 417 1574 'homines
448 1546 522 1574 inter
550 1555 580 1575 se
604 1554 667 1577 esse
697 1548 871 1584 conjunctos
904 1553 932 1575 et
955 1547 1061 1576 liberos
1084 1554 1191 1576 natos:
1222 1555 1249 1576 et
1276 1554 1349 1584 quae
1378 1555 1447 1578 sunt
1469 1548 1579 1586 generis
1604 1549 1682 1585 eJ'us-

152 1596 221 1627 dem
237 1595 376 1632 decreta,
398 1597 443 1625 uti
464 1600 615 1628 vocantur.
657 1599 710 1628 Illa
728 1599 819 1636 igitur
838 1607 903 1635 pars
926 1604 970 1627 est
991 1598 1086 1628 omnis
1109 1599 1297 1636 obligationis
1321 1606 1348 1628 et
1369 1599 1488 1629 virtutis
1510 1599 1682 1629 fundamen«

157 1652 241 1683 tum3
265 1648 350 1676 altera
374 1657 440 1684 pars
468 1649 576 1678 dicitur
601 1653 798 1693 παραινετιιςῆ,
821 1659 892 1687 quae
917 1650 1008 1680 ollicia
1029 1658 1062 1680 ex
1087 1651 1178 1687 prima
1201 1657 1281 1688 parte
1302 1658 1363 1681 orta
1380 1652 1518 1689 explicat,
1540 1652 1602 1681 sive
1623 1652 1679 1687 (ut

154 1697 275 1727 Cicero]
292 1701 390 1737 posita
414 1707 454 1728 cst
480 1703 512 1730 in
531 1705 714 1742 praeceptis,
743 1702 861 1742 quibus⁹
890 1704 923 1731 in
944 1712 1036 1731 onmes
1053 1709 1171 1741 partes,
1200 1712 1267 1733 usus
1288 1706 1367 1734 vitae
1386 1703 1556 1738 confirmari
1577 1703 1677 1742 possit·

149 1748 188 1779 112
211 1749 264 1779 hac
290 1758 370 1787 parte
392 1752 530 1789 docetur,
560 1754 630 1790 quid
656 1754 782 1792 patriae,
805 1755 875 1793 quid
899 1755 1092 1792 parentibus,
1121 1755 1191 1791 quid
1213 1755 1333 1793 amicis,
1356 1756 1515 1793 ceterIsque
1538 1760 1679 1793 praestare

1633 1805 1682 1834 de-

182 1877 236 1906 (1)
252 1878 341 1902 citatus
354 1885 366 1902 ι
379 1876 502 1903 bernhardo
514 1883 542 1903 ad
555 1882 599 1911 Off.
615 1883 632 1906 1.
645 1888 668 1908 2.

174 1919 238 1947 ·-<2)
255 1921 293 1942 Cf.
309 1922 419 1943 Ganhmd
431 1923 460 1944 ad
471 1923 518 1951 Off.
532 1924 549 1948 1.
563 1931 576 1946 ς
591 1927 650 1949 extr.

185 1960 234 1989 (3)
249 1961 294 1985 δία.
309 1963 372 1988 Acad.
384 1964 470 1993 Quaen.
484 1965 501 1989 1.
517 1971 540 1993 4.

927 2005 993 2037 32
