1913 2427
311 147 357 188 ἤ
444 149 478 180 L.
502 148 534 180 S.
555 153 623 179 'vm
645 145 786 180 PRAAG
808 141 1112 179 COMMENTATIO
1133 151 1178 174 ‘nn
1198 141 1395 180 MACRINA
1416 141 1724 179 ATWOODIANAi

319 243 440 266 movens
462 234 615 263 velocitate
640 231 821 261 uniformiter
840 230 980 259 retardata
998 251 1009 266 ‚
1036 238 1086 267 per
1107 229 1166 259 vim
1194 230 1251 267 jam
1272 230 1491 260 accelerati-icem
1518 240 1530 261 1
1552 231 1598 261 M.
1626 241 1642 261 a
1672 237 1751 269 parte
1774 231 1835 262 lan·

320 288 364 316 cis
387 286 409 315 B
433 292 582 322 agentem,
602 283 714 320 aequali
736 290 863 319 tempore
892 283 928 310 2''
946 281 1091 318 perveniet
1113 282 1149 310 ad
1168 282 1292 311 tabulam
1315 282 1406 311 scalae
1433 284 1480 320 ¹¹³3
1501 283 1658 319 pollicibus
1689 282 1763 312 infra
1785 291 1835 312 an-

322 338 426 370 nulum
447 336 615 373 applicatam
627 356 637 370 ,
659 336 748 370 eaque
768 333 868 363 leviter
889 334 965 363 tacta
983 333 1081 362 statim
1104 332 1270 370 adscendet,
1291 341 1341 369 per
1358 332 1416 363 vim
1440 333 1662 366 accelerati-icem
1679 342 1839 372 superpon-

322 389 363 423 dii
384 389 419 417 ab
441 388 527 416 altera
552 393 632 422 parte
654 386 710 422 jam
735 384 836 421 positi.
1019 410 1022 417 ,

361 439 446 468 Lanx
465 437 553 474 igitur
570 437 616 472 A,
636 442 794 474 postquam
818 435 876 465 vim
897 444 978 465 suam
1000 436 1223 467 accelerati-icem
1246 437 1281 466 ad
1299 436 1457 472 annulum,
1486 436 1532 465 vel
1551 436 1641 475 scalae
1664 435 1835 467 divisionem

326 499 362 520 12
380 489 522 524 amiserit,
543 494 689 524 percurret
714 487 816 519 iterum
839 488 952 524 aequali
977 493 1103 526 tempore
1125 487 1248 525 pollices
1273 489 1337 529 11}‚
1367 487 1418 524 qui
1439 488 1596 517 secundum
1618 486 1768 517 observata
1789 478 1838 525 oe-

324 547 435 578 tupant
463 541 560 569 locum
588 539 727 576 pollicum
752 548 787 571 12
804 560 814 575 ‚
842 548 918 577 quos
942 547 1035 583 masse
1056 539 1195 568 movenda
1214 539 1419 579 percurrisset,
1442 539 1467 568 si
1492 547 1614 575 prorsus
1642 528 1735 568 eadem
1760 529 1838 569 ma‘n-

322 592 421 621 sisset.
461 591 540 620 Patet
563 590 652 627 igitur
673 598 707 618 ex
729 590 785 619 hoc
809 586 1033 626 Experimento,
1060 598 1168 626 corpus
1197 597 1278 619 motu
1303 589 1483 633 uniformiter
1504 590 1612 620 variato
1635 596 1729 624 actum
1739 609 1756 624 ,‚
1770 589 1837 623 dato

328 642 433 679 quovis
453 648 595 678 tempore,
625 641 698 669 idem
720 641 844 677 spatium
874 648 956 670 motu
981 641 1163 671 uniformiter
1189 642 1327 671 retardato
1351 640 1483 677 emetiri,
1512 641 1592 677 quod
1621 646 1704 670 motu
1729 638 1840 669 unifor-

327 693 411 722 miter
429 694 584 722 accelerato
603 692 700 721 eodem
725 698 853 728 tempore
873 693 1026 729 percurrit.

362 910 405 938 Ita
427 909 482 946 iam
504 907 560 943 iis,
581 916 654 944 quae
675 907 846 945 Hugem'us,
877 909 992 948 chazed
1014 909 1048 938 de
1069 910 1100 939 la
1124 909 1209 938 Fond
1222 930 1232 945 ‚
1260 909 1365 945 aliique
1382 929 1392 946 ,
1422 909 1452 938 in
1475 909 1591 946 scriptis
1615 909 1696 944 suis,
1724 914 1754 937 et
1770 908 1842 937 celo·

324 960 468 989 vbei-rimus
499 959 531 988 S.
552 959 584 987 S.
609 968 667 988 van
687 958 741 987 der
759 958 824 996 Eyk
853 960 882 988 in
902 962 1051 997 praeclaris
1079 961 1141 990 suis
1169 960 1299 996 scholis,
1327 961 1361 989 ad
1392 960 1579 999 Quaestionis
1604 959 1769 997 propositae
1792 967 1841 988 so·

330 1011 468 1040 lationem
493 1010 734 1047 suppeditarunt,
763 1017 844 1047 grato
864 1011 893 1040 in
916 1012 982 1041 illos
1002 1005 1090 1042 Viros
1112 1014 1209 1042 animo
1231 1011 1371 1048 expositis
1380 1023 1393 1047 ,·
1411 1012 1480 1041 huic
1495 1010 1838 1041 commentationi·finem

329 1061 533 1098 imponendum
557 1062 633 1091 duco
654 1061 762 1099 adjecta
780 1063 937 1093 sententie:

875 1232 908 1261 Si
929 1231 1030 1262 desunt
1051 1233 1147 1271 vites,
1167 1232 1325 1263 laudabilis
1348 1240 1446 1264 tamen
1466 1234 1611 1265 voluntas.

1014 1579 1154 1609 ΙΙ
