1913 2427
445 167 963 202 COMMENTATIO
1032 170 1356 202 CHEMICA.
1616 169 1664 215 69

139 260 242 290 nebi-as
262 264 399 302 expertae¹
416 256 542 285 fuerint:
564 263 651 293 atque
673 256 739 284 hinc
757 255 914 284 cavendum
936 263 1018 292 esse,
1043 265 1078 286 ne
1098 257 1210 294 plantae
1234 258 1580 295 aromatico—aethereae,
1601 260 1648 289 vel

139 313 300 352 glutinosae
323 311 352 339 in
374 309 447 338 locis
472 308 617 337 umbi-0⁵15
638 312 813 336 excrescant.

177 390 257 418 VIII.
298 388 373 417 Cum
397 386 539 423 quicquid
561 386 732 415 absorbeant
754 387 887 423 plantae,
915 384 975 413 fere
1003 393 1088 415 omne
1111 387 1267 423 oxydatum
1290 387 1346 424 sit,
1374 388 1402 416 in
1433 388 1533 417 umbra
1558 394 1651 416 autem

140 447 169 470 et
189 440 312 469 tenebris
332 446 431 476 parum
458 445 507 465 aut
532 437 605 466 nihil
629 437 762 474 oxygenii
786 437 915 465 emittant
930 457 940 472 ,
961 438 1073 474 plantas
1098 438 1128 467 in
1149 439 1271 467 tenebris
1295 446 1322 468 et
1348 440 1448 468 umbra
1470 441 1581 468 adultas
1606 448 1656 475 pa-

139 502 199 524 rare
221 490 361 528 principia
378 489 511 526 proxima
535 489 629 518 solitis
650 490 820 527 plerumque
849 488 939 526 magis
961 490 1102 526 oxydata‚
1131 497 1217 526 atque
1243 499 1276 519 eo
1305 491 1395 520 acidis
1416 480 1522 520 diversi
1544 490 1655 527 generis

140 553 204 575 esse
224 545 361 580 ditiores,
385 553 444 580 quo
467 543 562 572 minus
586 543 650 572 luce
671 541 779 571 fructae
801 541 872 570 sint.

181 623 231 651 IX.
273 622 349 650 Cum
375 621 490 658 gravius
512 626 699 656 corrumpant
721 620 852 648 tenebrae
874 618 1082 648 exhalationem
1106 628 1212 656 aquae,
1242 629 1326 655 quam
1349 621 1476 657 ejusdem
1498 618 1661 655 absorptio⁰

143 683 228 710 nem,
251 674 318 703 hinc
341 672 467 701 tenebras
489 672 596 708 plantis
617 671 720 700 inferre
737 671 837 700 faciem
862 671 1072 707 hydropicam,
1097 671 1311 707 debilitatisque
1342 678 1427 707 atque
1457 672 1574 699 mutatis
1595 670 1664 699 viri·

144 727 201 755 bus
223 733 392 762 organorum
415 724 644 759 secernendum,
667 724 732 752 inde
752 732 782 752 m
802 723 926 752 tenebr1s
947 723 1118 760 plerumque
1138 724 1251 760 plantas
1280 731 1377 759 parare
1405 723 1547 760 principia
1568 723 1664 760 proni⁶

145 785 191 808 ma
214 777 310 806 minus
336 776 434 812 firma,
457 777 546 814 magis
568 777 702 812 humida,
723 776 832 806 mollia.

186 855 214 884 X
264 855 340 884 Cum
366 854 494 882 tenebrae
521 853 739 883 irritabilitatem
765 856 928 891 plantarum
955 853 1125 888 debilitent,
1157 851 1293 881 fabricam
1321 852 1484 889 oiganicam
1523 852 1661 888 laedant,

144 915 350 944 corrumpant,
370 907 456 943 atque
471 908 560 942 adeo,
584 913 616 935 ut
637 908 761 943 reliquas
783 905 967 940 functiones,
988 907 1026 934 ita
1048 904 1253 939 secretionem,
1277 913 1362 940 quam
1388 904 1508 932 maxime
1531 904 1664 940 turbent,

145 960 213 990 hinc
238 960 266 988 in
289 958 413 987 tenebris
437 958 549 988 adultas
574 959 686 994 plantas
712 967 772 987 non
802 959 857 987 hoc
888 959 996 987 illudve
1025 957 1201 994 principium
1229 957 1394 992 proximum
1423 964 1567 984 secernere
1589 957 1664 991 tale,

148 1013 233 1048 quale
256 1012 330 1040 solet
353 1010 499 1039 efformare
521 1012 618 1046 planta
642 1019 727 1044 sana,
749 1011 812 1038 luce
833 1012 952 1045 truens,
983 1011 1031 1038 sed
1055 1017 1197 1038 secernere
1224 1008 1343 1043 quaevis
1369 1007 1511 1044 principia
1534 1007 1663 1044 proxima

148 1062 283 1093 morbosa
296 1061 330 1090 ab
347 1061 402 1096 iis,
424 1070 496 1097 quae
515 1069 598 1090 sanae
615 1062 728 1098 plantae
746 1069 922 1098 exem-nunt,
942 1062 1026 1099 plane
1045 1062 1175 1098 diversa,
1192 1062 1354 1097 horumque
1370 1060 1517 1090 insolitam
1539 1060 1613 1089 inter
1635 1067 1668 1089 se

146 1117 281 1153 copulam
301 1115 485 1145 constituere.

183 1193 233 1223 XI.
281 1200 377 1228 .taque
397 1192 554 1221 cavenium
581 1200 662 1229 esse,
690 1201 726 1222 ne
749 1193 778 1221 in
803 1193 921 1229 quasvis
952 1193 1065 1230 plantas
1092 1192 1202 1220 easdem
1236 1191 1315 1220 vires
1342 1191 1434 1220 lucem
1461 1196 1510 1219 aut
1537 1190 1668 1220 tenebras

147 1254 276 1276 exercere
296 1251 423 1279 statuas,
450 1251 498 1272 aut
520 1244 653 1272 absolute
675 1245 762 1281 hujus
783 1244 898 1272 ilhusve
921 1243 1058 1280 principii
1090 1243 1185 1280 genesi
1208 1243 1317 1278 iaver.;
1349 1241 1463 1270 fructus
1490 1242 1587 1278 enim,
1616 1241 1668 1278 qui

147 1297 213 1326 luce
237 1296 281 1324 usi
305 1297 427 1324 multum
452 1295 579 1324 sacchari
602 1296 770 1331 continent,
792 1295 821 1324 in
843 1296 968 1325 tenebris
997 1303 1126 1325 austeros
1149 1296 1285 1330 evadere,
1313 1303 1414 1330 parurn
1433 1294 1561 1323 sacchari
1586 1295 1671 1323 habe-

146 1355 193 1383 τες
215 1353 314 1375 contra
326 1347 421 1382 apium
437 1346 588 1386 hortense‚
610 1347 749 1375 entliviam
762 1367 771 1381 ‚
796 1355 889 1383 quae,
915 1348 978 1375 luce
994 1348 1019 1376 si
1036 1346 1187 1381 fruantur,
1207 1354 1315 1375 amarae
1330 1353 1398 1374 sunt
1419 1352 1448 1375 et
1470 1353 1618 1381 austerae,
1638 1346 1669 1376 in

150 1398 274 1427 tenebris
297 1397 357 1426 fieri
383 1397 582 1433 dulciuscula,
609 1397 722 1426 amissis
742 1396 868 1426 amaritie
887 1405 915 1425 et
939 1404 1053 1426 austero
1074 1405 1191 1434 sapore:
1220 1397 1336 1432 itaque,
1369 1399 1394 1425 si
1417 1396 1484 1432 quis
1514 1396 1671 1434 dijudicet,

152 1449 251 1485 quales
271 1450 345 1477 vires
365 1449 394 1477 in
418 1449 561 1485 principia
585 1448 712 1484 proxima
734 1455 863 1478 exserant
889 1454 940 1477 aut
966 1448 1096 1478 tenebrae
1126 1455 1175 1476 aut
1201 1449 1251 1476 lux
1269 1469 1280 1483 ,
1307 1454 1438 1484 oportere
1464 1448 1563 1476 habeat
1585 1449 1672 1477 ratio-

152 1508 215 1530 nem
238 1499 461 1535 compositionis
483 1506 510 1529 et
534 1500 682 1529 actionum
706 1501 820 1537 plantae
843 1501 926 1537 ejus,
954 1500 984 1528 in
1014 1509 1099 1536 quam
1131 1500 1192 1529 sive
1221 1500 1295 1528 lueis
1325 1499 1386 1528 sive
1414 1499 1592 1528 tenebrarum
1617 1508 1673 1536 ope

152 1550 344 1588 experimenta
366 1550 510 1580 instituat.

191 1627 253 1657 XII.
295 1627 401 1656 Multis
425 1627 523 1657 dubiis
542 1628 632 1665 premi
660 1629 813 1658 etiamnum
843 1636 871 1658 et
899 1629 1051 1658 obscuram
1080 1636 1144 1657 esse
1165 1627 1323 1656 doctrinam
1353 1628 1514 1664 plantarum
1539 1629 1672 1664 patholo-

155 1677 266 1716 gicam3
290 1679 472 1715 multumque
488 1680 607 1716 abesse,
628 1687 661 1708 ut
679 1681 744 1709 haec
759 1681 899 1710 elaborata
915 1681 954 1710 sit
970 1688 1056 1716 atque
1073 1680 1235 1716 explorata,
1263 1686 1312 1714 ut,
1337 1679 1466 1707 ulteriori
1482 1679 1673 1716 physicorum

157 1730 284 1759 examine
304 1737 332 1759 et
355 1739 422 1759 cura
439 1731 545 1767 digna,
567 1738 595 1760 et
615 1733 735 1760 multum
756 1733 896 1762 illustrari
911 1732 1006 1769 possit
1020 1738 1047 1760 et
1068 1731 1190 1768 perfici:
1221 1730 1250 1759 in
1275 1738 1332 1765 qua
1351 1730 1466 1765 quidem
1489 1738 1541 1765 spe
1563 1739 1596 1760 eo
1618 1739 1678 1760 ma·

157 1781 213 1819 jori
237 1790 356 1817 snmus,
391 1790 450 1817 quo
480 1782 582 1811 laetior
608 1783 746 1819 physicae
769 1783 940 1821 disciplinae
968 1783 1054 1812 facies
1083 1789 1143 1818 est,
1174 1791 1234 1817 quo
1263 1780 1431 1817 diligentius
1461 1781 1545 1810 hodic
1568 1791 1598 1811 ea
1629 1791 1676 1812 ex-

160 1833 288 1868 colitur,
309 1840 336 1861 et
364 1842 424 1869 quo
448 1833 607 1862 imitatione
635 1834 752 1870 dignius
780 1835 896 1870 reliquit
924 1835 1086 1870 exemplum
1112 1841 1242 1862 summus
1274 1832 1318 1860 sui
1355 1833 1494 1868 temporis
1523 1833 1678 1862 BotanIco-

162 1891 223 1912 rum
248 1883 486 1920 Your-nefortias,
506 1884 670 1920 inquirendi
688 1885 717 1913 in
738 1886 897 1921 plantarum
922 1887 1059 1920 morbos,
1080 1886 1171 1920 deque
1195 1885 1296 1912 horum
1315 1884 1413 1912 causis
1437 1892 1465 1912 et
1490 1886 1598 1914 naturis
1621 1886 1680 1914 dis-

163 1934 290 1967 serendi,
318 1941 404 1970 prout
433 1943 501 1965 tunc
528 1936 666 1972 temporis
692 1936 805 1973 vigebat
833 1937 942 1966 theoria
972 1936 1166 1974 pathologica.
1201 1936 1284 1973 (vid.
1314 1935 1407 1966 Mem.
1436 1935 1471 1965 cla
1490 1936 1610 1968 t'Acad.
1630 1937 1677 1965 cles

162 1986 272 2015 Sctcuc.
294 1985 329 2015 dc
350 1986 455 2023 Paris,
474 1986 528 2017 ΛΟ.
548 1994 632 2024 1705.
653 1997 682 2025 p.
705 1997 771 2026 332.
798 1990 908 2026 seqq.)

976 2042 1008 2075 G
1599 2038 1680 2071 Xm‘,
