1913 2427
247 178 302 216 ρπβ»
615 174 1380 211 FREDERICI'EGELING

251 273 324 301 quae
348 267 524 301 repugnant,
545 269 604 291 non
623 261 788 298 permittant
805 270 855 297 ea,
886 269 958 298 quae
977 261 1046 291 alias
1067 262 1120 292 rite
1140 263 1347 301 indicarentur3
1373 265 1537 301 debilitas‚.
1552 274 1580 295 v.
1600 273 1627 295 e.
1645 274 1769 298 summa-

250 317 378 346 h-ominis
403 325 417 344 a
441 314 518 352 gravi
541 317 658 343 vulnere
681 314 922 351 haemorrhagian]
943 314 1040 352 passi,
1068 315 1340 345 administrationem
1361 316 1422 345 viui
1442 323 1514 345 caet.
1538 317 1660 354 indicat;
1686 318 1766 348 huie-

249 376 317 397 vero
335 373 475 403 repugnat
493 367 584 395 motio
601 365 769 402 sanguinis,
785 374 857 401 quae
871 366 928 395 hoc
941 366 1059 395 stimulo
1074 367 1231 403 producta,
1250 375 1351 396 novam
1367 367 1490 396 minatur
1505 367 1768 406 haemmi-hagiam,-

250 427 307 456 qua
328 426 408 455 aeger
428 418 625 454 exspiraturus
640 423 727 446 esset.
766 418 815 446 Sic
836 418 964 447 nascitur
985 426 1103 455 quoque
1120 426 1230 446 summa
1246 418 1418 454 difficultas,
1439 419 1554 454 quando
1570 420 1625 448 hoc
1642 426 1757 450 tantum

247 469 451 505 inquirendum
469 475 531 505 est,
560 477 628 497 num
648 477 733 505 aegro
751 469 812 498 sine
832 469 922 498 dubio
943 468 1121 498 moriendum
1142 468 1205 503 sit,
1232 476 1267 497 an
1291 477 1359 498 vero
1381 477 1448 498 cum
1470 478 1584 499 summo
1610 469 1685 500 vitae
1709 478 1762 507 pe·-

247 520 342 550 riculo
362 520 490 556 operatio
513 520 551 548 sit
568 520 744 550 instituenda
769 521 884 558 gravis,
912 529 936 551 e.
959 530 988 558 g.
1010 519 1167 558 amputatio
1187 519 1232 548 vel
1259 519 1426 556 exstirpatio
1451 521 1574 557 partium
1599 527 1760 551 momento·

248 578 364 607 sarum,
386 577 458 600 caet.
481 577 509 600 et
527 571 594 600 hinc
617 572 719 600 iterum
739 572 835 601 videre
857 578 917 607 est,
943 572 989 600 uti
1004 581 1038 601 ex
1054 570 1191 602 omnibus
1217 571 1474 608 praecedentibus,
1500 569 1608 608 quanta
1633 573 1762 610 prudeu-

247 621 287 650 tia
310 621 435 650 Medicis
455 622 485 650 in
504 621 652 652 formanda
672 623 846 652 indicatione
864 631 941 659 opus
959 623 1009 653 sit.

265 688 267 692 ν
284 672 355 701 Non
375 673 470 701 omnia
490 681 603 710 semper
623 675 835 710 phaenomena,
861 682 933 709 quae
950 675 980 704 in
995 680 1157 712 aegrotante
1170 679 1198 702 et
1218 673 1293 703 circa
1315 681 1378 702 eum
1401 673 1608 709 observantur,
1630 674 1669 702 ita
1688 682 1760 704 con·

244 723 386 760 veniunt,
406 730 438 752 ut
458 724 519 753 sine
540 725 601 753 ullo
622 726 710 754 dubio
737 725 902 760 Medicum,
931 725 1002 760 quid
1030 725 1087 753 sibi
1111 725 1292 760 faciendum,
1320 725 1458 759 doceant,
1485 724 1551 752 licet
1579 724 1648 753 artis
1670 725 1758 761 periti

243 775 299 812 Jam
321 783 371 810 per
392 776 511 811 longum
540 781 654 812 tempus
684 783 797 804 omnem
829 775 1018 811 impenderint
1042 783 1179 812 operam,
1207 782 1242 804 ut
1268 774 1464 810 difficultates,
1491 783 1563 810 quae
1582 781 1758 811 occurrant,

246 831 384 861 quantum
412 824 472 853 fieri
493 826 610 862 possit,
638 834 653 855 e
672 826 765 855 medio
793 827 908 855 tollant.
951 826 1062 855 Illustr.
1098 826 1274 856 Bocrhavius
1309 826 1367 863 jam
1399 826 1516 854 locutus
1544 825 1603 854 fuit
1632 826 1666 854 de
1691 825 1758 855 utili

242 876 292 905 illa
310 882 337 904 et
355 876 460 904 celebri
482 877 611 906 doctrina
631 877 806 913 indicantis,
826 877 1106 912 contraindicantis‚
1128 878 1335 915 repugnantis,
1352 877 1567 914 permittentis,
1592 875 1759 905 evindican-

244 928 301 962 tis,
329 929 587 965 correpugnamis,
617 937 707 964 quae,
738 929 803 958 lieet
824 937 859 957 ex
882 927 967 957 dictis
996 927 1081 956 facile
1102 927 1316 964 intelligantur,
1345 926 1468 955 breviter
1486 933 1581 956 tamen
1602 935 1758 956 memorare

244 977 316 1007 mihi
339 977 529 1015 incongruum
553 987 612 1007 non
636 979 758 1008 videtur.

282 1028 435 1065 Indicam,
465 1030 703 1065 quemadmodum
729 1031 786 1068 jam
807 1036 871 1059 ante
892 1030 1003 1059 dictum
1026 1029 1103 1065 fuit,
1128 1035 1172 1058 est
1192 1029 1221 1058 id
1234 1049 1246 1065 ,
1271 1029 1370 1065 quod,
1394 1028 1600 1064 deprehensum
1620 1028 1651 1058 in
1672 1036 1760 1067 aegro

244 1080 289 1108 vei
309 1080 384 1109 circa
406 1088 542 1116 aegrum,
565 1080 713 1110 Medicum
733 1082 836 1117 docet,
859 1081 930 1117 quid
951 1089 1032 1118 agere
1054 1087 1082 1109 et
1099 1080 1206 1116 quibus
1231 1079 1344 1109 auxiliis
1364 1087 1444 1116 agere
1469 1079 1498 1108 id
1518 1079 1626 1108 debeat.

284 1131 528 1160 Contraindicans
546 1138 590 1161 est
610 1132 657 1169 id,
681 1134 761 1170 quod
776 1134 861 1170 longe
881 1132 960 1161 aliud
981 1132 1052 1168 quid
1070 1131 1196 1167 indicat,
1223 1139 1309 1167 quam
1333 1131 1454 1159 alterum
1476 1129 1616 1158 indicans.
1656 1129 1758 1159 Febris

243 1183 382 1212 continua
401 1189 485 1211 acuta
509 1182 619 1220 exigere
643 1190 741 1220 potest
761 1183 1023 1218 venaesectionem,
1052 1183 1102 1211 sed
1121 1182 1335 1216 exanthemata,
1357 1189 1430 1217 quae
1453 1181 1524 1209 hanc
1544 1179 1645 1209 febrim
1668 1181 1762 1209 coini-

241 1239 354 1268 tantur,
381 1233 459 1262 iliam
486 1241 546 1262 non
569 1234 653 1263 facile
675 1235 859 1270 admittunt3
888 1234 913 1263 si
934 1225 1004 1270 ergo
1026 1233 1114 1262 homo
1140 1232 1218 1261 febre
1245 1232 1381 1261 continua
1415 1238 1498 1260 acuta
1528 1232 1759 1260 exanthematosae

241 1283 376 1319 laborat,
403 1285 464 1313 duo
488 1285 591 1314 dantur
612 1285 895 1322 contrainclicanti23
924 1284 1102 1314 contrarium
1132 1283 1206 1313 enim
1235 1283 1322 1312 febris
1336 1303 1349 1319 ,
1384 1282 1557 1312 contrarium
1585 1282 1759 1313 indicabunt

244 1334 453 1363 exanthemata.

281 1385 473 1423 Repugnans,
494 1386 575 1421 quod
597 1386 711 1421 quidem
728 1385 835 1431 directe
857 1385 1032 1414 contrarium
1053 1392 1113 1414 non
1130 1389 1247 1418 monet,
1268 1382 1317 1411 sed
1335 1389 1428 1412 tamen
1450 1382 1555 1418 prioris
1576 1382 1693 1411 indicati
1713 1382 1759 1412 in·

242 1435 352 1473 aignan
374 1436 573 1465 limitationem
596 1435 685 1473 facit3
707 1428 769 1472 sie,
789 1445 821 1465 v.
843 1444 873 1472 g.
897 1436 927 1465 in
947 1435 1062 1464 homine
1086 1434 1235 1471 pleuritide
1256 1433 1402 1463 laborante
1425 1432 1588 1462 indicantur
1611 1433 1703 1470 largae
1721 1441 1758 1463 ae

240 1487 374 1525 repetitae
397 1484 647 1523 venaesectiones,
675 1487 791 1523 quando
813 1494 881 1515 vero
903 1486 951 1514 ille
973 1491 1106 1523 aegrotus
1135 1491 1180 1514 est
1204 1493 1310 1521 senex,
1335 1484 1465 1520 senium,
1496 1484 1575 1520 quod
1594 1492 1654 1514 non
1674 1483 1761 1513 facist

241 1538 424 1576 profusiores
446 1537 502 1567 fert
519 1538 739 1574 evacuationes,
759 1544 803 1566 est
820 1545 994 1574 repugnans„

278 1588 453 1619 Pet-mittens
473 1589 546 1617 illud
561 1596 624 1625 est,
653 1590 734 1625 quod
755 1588 911 1617 indicatum
938 1596 998 1618 non
1023 1588 1136 1625 quidem
1160 1589 1290 1624 postulat
1304 1606 1315 1622 ,
1344 1587 1395 1616 sed
1416 1586 1441 1615 ei
1461 1592 1556 1616 tamen
1581 1594 1641 1615 non
1663 1594 1759 1622 oppo-

243 1640 337 1676 nitur,
360 1640 566 1676 inflammatio,
587 1648 659 1676 quae
674 1639 920 1669 venaesectionem
943 1639 1001 1669 fere
1022 1648 1132 1676 semper
1155 1639 1295 1675 requirit,
1322 1637 1414 1667 oritur
1435 1637 1463 1666 in
1492 1645 1613 1673 corpore
1635 1636 1759 1666 debilio-

240 1697 288 1727 τες
317 1691 392 1720 vires
415 1698 509 1720 autem
536 1699 596 1722 non
621 1692 773 1722 admodum
803 1698 920 1729 magnae
942 1698 994 1720 nec
1021 1699 1080 1720 eam
1110 1690 1228 1720 omnmo
1257 1689 1439 1727 impediunt,
1467 1696 1518 1718 nec
1547 1696 1606 1717 eam
1633 1686 1759 1725 Jubent,

242 1742 410 1778 permittunt
429 1750 509 1779 ergo.

281 1792 450 1822 Coindicans
471 1793 542 1822 idem
561 1793 660 1831 jubet,
681 1795 762 1831 quod
778 1794 856 1824 allud
875 1793 1005 1823 indicans
1028 1794 1087 1822 fieri
1103 1794 1241 1831 J'usserat3
1272 1792 1377 1821 sumite
1395 1790 1539 1819 mulierem
1560 1789 1754 1826 plcthoricam

242 1844 395 1873 menostasi
418 1844 609 1884 laborantem3
639 1847 884 1877 venaesectionem
911 1852 980 1875 tunc
1007 1851 1035 1874 et
1059 1845 1200 1882 pletltoria
1224 1851 1253 1874 et
1278 1842 1418 1874 mensium
1448 1840 1617 1878 suppressio
1641 1839 1756 1870 coludi-

241 1901 303 1922 care
322 1902 460 1930 possunt.

280 1944 500 1983 Correplfgnam
516 1948 626 1977 tandem
644 1949 749 1978 dicitur
766 1950 984 1986 phaenomenon
1004 1956 1072 1977 cum
1090 1948 1147 1977 alio
1163 1954 1354 1982 concurrenS,
1376 1946 1410 1974 ad
1427 1950 1531 1973 certam
1553 1942 1755 1971 indicationem

238 1995 464 2036 prohibendam;
485 1999 604 2037 ponite,
626 2000 657 2031 in
672 2000 850 2038 praecedenti
870 2001 1059 2040 repugnanu's
1073 1999 1225 2036 exemplo,
1247 2006 1341 2028 senem
1357 1997 1438 2027 ilium
1454 1993 1607 2033 pleuritide
1625 1993 1756 2022 laboran-

1697 2050 1755 2073 ten
